3522 5298
945 419 964 486 2

338 636 507 715 Bacchum,
538 653 589 698 ser
618 635 658 699 ad
685 635 801 714 Iovem,
830 655 941 701 novem
969 637 1007 700 ad
1032 636 1177 716 Martem,
1207 636 1268 702 duo
1297 637 1336 701 ad
1360 638 1562 720 Mercurium,

339 747 487 828 quattuor
521 744 561 807 ad
591 741 785 824 Neptunum,
816 762 916 807 unum
947 744 987 808 ad
1020 742 1198 825 Plutonem,
1231 744 1292 808 tria
1323 745 1363 808 ad
1389 745 1563 810 Vulcanum

338 851 545 935 pertinentia3
571 852 700 916 dearum
723 850 851 933 quidem
874 849 907 914 in
924 849 1074 933 exemplis
1091 851 1208 915 mentio
1226 870 1288 916 non
1303 851 1340 915 fit
1355 851 1418 916 nisi
1435 852 1563 935 Dianae,

336 959 476 1040 lunonis,
505 957 720 1040 Proserpinae.
775 955 873 1022 Plura
903 959 978 1022 sunt
1005 959 1133 1039 sumpta
1161 958 1199 1023 de
1226 958 1372 1023 heroibus
1402 960 1564 1041 aetateque

337 1065 461 1132 heroica
489 1064 640 1147 exempla,
669 1063 826 1147 imprimis
856 1064 894 1146 de
922 1065 1068 1142 Hercule,
1098 1085 1116 1128 a
1139 1084 1200 1148 quc
1224 1065 1351 1129 virtutis
1381 1084 1416 1130 ac
1444 1065 1563 1131 roboris

337 1175 488 1256 petuntur
512 1189 659 1255 persaepe
683 1171 833 1254 exempla.

427 1297 567 1364 Secundo
603 1297 704 1379 capite
739 1297 880 1379 exempla
907 1315 924 1360 e
954 1298 1095 1361 veterum
1126 1300 1219 1363 rebus
1250 1297 1349 1380 gestis
1380 1297 1564 1380 deprompta

337 1406 549 1485 continentur;
578 1406 671 1487 atque
693 1421 793 1485 pauca
807 1404 931 1467 tantum
955 1405 1089 1468 erebus
1114 1424 1131 1468 a
1155 1403 1302 1470 Romanis
1326 1403 1425 1485 gestis
1450 1405 1563 1468 hausta

337 1512 509 1596 apparebit.
557 1511 601 1575 Er
631 1512 725 1574 rebus
750 1529 768 1573 a
792 1509 919 1575 Graecis
953 1511 1051 1590 gestis
1083 1511 1222 1592 exempla
1254 1530 1315 1576 non
1347 1513 1468 1575 exstant
1500 1510 1563 1575 nisi

337 1620 483 1684 ludorum
497 1617 715 1700 Olympiorum
733 1615 985 1698 Isthmiorumve,
1010 1635 1027 1679 a
1043 1616 1149 1681 Persis
1165 1617 1324 1700 Lydisque
1341 1617 1424 1700 Cyri,
1441 1617 1562 1700 Xerxis,

337 1725 452 1791 Croesi.

428 1850 533 1916 Tertio
558 1848 671 1931 capite,
696 1868 757 1932 quc
774 1867 904 1930 agemus
922 1848 960 1912 de
976 1848 1126 1931 exemplis
1143 1868 1178 1913 ex
1193 1851 1307 1914 natura
1322 1868 1426 1914 rerum
1443 1849 1561 1932 petitia,

340 1959 462 2040 praeter
488 1960 626 2036 montes,
655 1955 776 2020 insulas
807 1957 960 2037 celebres,
988 1957 1070 2021 freta
1098 1957 1236 2039 primum
1260 1957 1364 2021 lecum
1387 1957 1507 2022 obtinet
1529 1957 1562 2020 id

336 2084 435 2147 genus
469 2064 689 2143 animantium,
722 2064 805 2146 quod
836 2063 917 2129 lacte
948 2064 1051 2130 nutrit
1079 2084 1155 2147 quos
1187 2065 1321 2148 peperit:
1357 2065 1478 2145 taurus,
1503 2065 1561 2145 leo,

336 2172 445 2254 tigris3
462 2172 568 2235 miuus
580 2171 760 2253 frequenter
772 2174 940 2236 occurrunt
955 2171 1095 2255 exempla
1116 2174 1153 2236 ab
1173 2172 1282 2238 avibus
1300 2171 1408 2254 pet‘ta,
1425 2170 1562 2254 plurima

338 2281 443 2343 autem
461 2278 583 2342 exstant
600 2279 745 2342 arborum
762 2278 1003 2361 herbarumque,
1016 2279 1190 2361 ventorum,
1203 2297 1307 2343 rerum
1320 2278 1560 2360 maritimarum,

335 2386 493 2464 siderum,
521 2383 633 2448 imbris
657 2383 811 2466 nivisque.
864 2385 890 2448 h
918 2404 1048 2449 numeru
1072 2386 1283 2467 exemplorum
1312 2404 1392 2469 quae
1415 2385 1489 2450 huic
1512 2384 1560 2449 vel

334 2491 384 2556 illi
420 2491 516 2573 capiti
551 2490 647 2554 inseri
681 2492 851 2574 nequeunt,
886 2491 1003 2556 mentio
1035 2491 1091 2555 fiat
1120 2493 1266 2573 telorum,
1300 2511 1379 2575 quae
1410 2510 1556 2575 persaepe

333 2597 467 2680 exempli
490 2597 591 2662 instar
613 2600 816 2680 usurpantur.
856 2599 939 2662 Usus
964 2598 1047 2681 apud
1065 2598 1207 2680 singulos
1224 2601 1331 2682 poetas
1349 2599 1564 2682 exemplorum*

332 2705 385 2769 hic
408 2705 469 2771 est:

377 2887 448 2896 ...υ-

1442 2904 1513 2914 -ι--ι

512 3009 620 3055 versus
875 2991 1015 3074 exempla
1164 2992 1198 3058 in
1213 2995 1337 3059 centum
1351 2992 1492 3057 versibus

376 3135 447 3144 --

433 3205 513 3271 Stati
535 3205 692 3272 Silvarum
926 3287 927 3290 Ἴ

523 3315 609 3379 4003
919 3316 979 3378 126
1295 3314 1370 3392 3,15
1498 3347 1501 3352 ι

476 3420 647 3484 Thebaidis

523 3529 610 3592 9742
938 3529 979 3592 57
1294 3523 1370 3604 0,58

468 3631 657 3698 Achilleidis

524 3740 608 3804 1125
959 3739 978 3799 2
1294 3738 1370 3816 0,18

500 3845 619 3911 Lucani

522 3953 609 4018 8000
937 3953 978 4015 80
1296 3952 1311 4013 l

531 4058 590 4123 Sili

495 4165 607 4229 12202

516 4269 623 4335 Valeri

521 4378 606 4444 5592

493 4483 625 4550 Senecae

495 4593 607 4656 10674
