3522 5298
922 423 965 486 34

752 680 759 696 .
785 686 792 698 .
819 681 826 697 .
851 655 912 700 uon
937 635 982 700 sic
1005 635 1173 700 Trachinia
1196 636 1287 700 nidos

490 742 638 825 Alcyone,
662 759 773 806 vernos
798 762 859 805 uon
884 743 929 806 sio
954 742 1131 807 Philomela
1155 744 1282 825 penates

491 849 645 914 circumit.
660 849 851 930 amplectens
875 849 1075 933 animamque
1098 851 1132 914 in
1155 850 1289 931 pignora
1311 850 1475 929 translbrt3

418 975 525 1038 luctu
558 973 666 1055 stirpis
700 972 792 1037 undis
825 975 972 1056 abreptae
1004 976 1034 1038 et
1057 973 1196 1058 Alcyone
1227 977 1259 1039 et
1293 979 1393 1039 mater
1425 975 1554 1040 Crenaei

328 1082 482 1164 premitur

419 1189 495 1252 Stat.
520 1186 619 1252 Theb.
635 1187 680 1251 IX
703 1189 878 1252 360-262
991 1258 994 1264 .

488 1312 690 1394 fluctivagam
700 1313 746 1376 sic
755 1331 847 1395 saepe
859 1312 986 1376 domum
996 1312 1200 1395 madidosque
1214 1314 1340 1394 penates

490 1421 628 1504 Alcyone
654 1420 776 1483 deserta
800 1419 909 1502 gemit,
935 1438 1004 1483 cum
1029 1419 1162 1502 pignora
1186 1439 1295 1483 saevus

403 1579 404 1583 ,
490 1528 606 1592 Auster
630 1531 660 1591 et
684 1526 820 1608 algentis
845 1526 951 1606 rapuit
973 1525 1083 1590 Thetis
1107 1525 1213 1589 invida
1238 1526 1339 1590 nidos,

822 1738 1059 1811 Amazones.

418 1868 532 1930 lloror
556 1868 586 1930 et
609 1865 733 1928 insania
756 1863 991 1928 Andromachae
1015 1865 1195 1946 sepulcrum
1219 1865 1374 1946 Hectoris,
1403 1850 1463 1946 quc
1489 1863 1549 1927 As-

330 1977 506 2056 tyanactem
530 1973 663 2051 obdidit,
689 1973 871 2036 dclcusume
897 1971 1079 2053 depingitur
1102 1972 1156 2056 (cl.
1182 1972 1325 2054 Maenas)

418 2082 486 2146 Seu.
511 2081 623 2144 Troad.
643 2082 815 2143 tta-677

703 2238 709 2251 .
737 2237 744 2250 .
771 2237 777 2249 .
803 2187 906 2268 qualis
932 2186 1094 2269 Argolicas
1118 2186 1204 2250 ferox

488 2301 607 2358 turmas
632 2294 770 2358 Amazon
797 2293 917 2374 stravit,
943 2283 997 2356 aut
1021 2293 1124 2376 qualis
1150 2293 1206 2356 deo

488 2421 636 2484 percussa
658 2402 785 2463 Maenas
810 2400 921 2464 entheo
946 2399 1042 2463 silvae
1067 2400 1167 2482 gradu

489 2511 608 2572 armata
632 2508 739 2590 thyrso
763 2508 860 2571 terret
883 2507 977 2588 atque
1000 2525 1108 2588 expers
1134 2506 1184 2571 sui

488 2617 603 2680 vulnus
629 2614 717 2678 dedit
739 2634 796 2678 nec
821 2613 929 2693 sensit,
954 2613 986 2676 in
1010 2613 1130 2677 medios
1154 2634 1244 2677 ruam

488 2722 674 2805 tumuloque
698 2721 812 2784 cineris
837 2720 921 2784 socia
945 2720 1072 2784 defenso
1096 2721 1225 2800 cadam3

417 2850 536 2931 Asbyte
560 2848 710 2911 bellicosa
733 2865 788 2929 per
812 2865 957 2928 campum
980 2848 1113 2927 vagatur

417 2956 475 3020 Sil.
499 2956 578 3019 Pun.
595 2954 627 3018 ll
650 2955 781 3018 73-75

487 3081 596 3164 quales
612 3079 775 3144 Threiciae
791 3078 960 3160 Rhodopen
979 3080 1186 3163 Pangaeaque
1201 3079 1339 3143 lustrant

488 3187 605 3251 saxosis
629 3205 756 3250 nemora
781 3186 845 3250 alta
870 3187 955 3267 iugis
980 3205 1136 3270 cursuque
1159 3186 1295 3267 fatigant

487 3295 628 3358 Hebrum
653 3294 786 3374 innupta
809 3312 931 3357 manus.

798 3487 1091 3558 Andromacha.

417 3617 576 3679 Luctum
600 3616 699 3698 patris
723 3615 840 3680 mortui
864 3615 968 3678 reddit
992 3615 1083 3695 poeta
1106 3613 1161 3696 (cf.
1186 3613 1338 3696 Erigone)

417 3723 494 3787 Stat.
520 3723 641 3788 SiluV
666 3725 695 3804 3,
722 3724 850 3786 74-77

729 3898 735 3910 .
762 3897 769 3909 .
795 3897 802 3910 .
827 3864 883 3908 nec
907 3845 991 3908 enim
1016 3844 1212 3909 Marathonia
1235 3845 1324 3929 virgo

488 3955 611 4036 parcius
636 3953 808 4018 extinctum
832 3970 994 4015 saevorum
1024 3952 1155 4016 crimine
1178 3955 1339 4036 agrestum

487 4061 608 4124 fleverit
630 4059 777 4140 Icarium,
802 4059 942 4140 Phrygia
964 4078 1057 4142 quam
1074 4061 1160 4124 turre
1176 4061 1339 4126 cadentem

490 4167 682 4250 Astyanacta
705 4185 828 4247 parens.

866 4359 1049 4430 Ariadna.

417 4487 530 4552 Fides
554 4488 609 4572 (of.
634 4487 776 4570 Aegiale,
801 4487 971 4572 Meliboea)

416 4595 492 4662 Stat.
519 4595 594 4660 Silv.
613 4594 660 4658 lll
685 4597 715 4676 5,
740 4598 887 4676 48413
