3522 5298
714 816 716 820 ,
731 734 940 822 Opheltes.

310 861 411 927 Mors
434 861 605 926 immatura
629 861 779 926 Glauciae
801 860 918 927 flebilis
943 863 991 926 est
1015 860 1071 945 (cf.
1096 860 1280 944 Palaemon)

312 968 390 1034 Stat.
413 968 491 1068 Silv.
515 968 549 1032 Π
575 971 603 1050 1,
620 970 793 1034 179-182

382 1075 458 1140 talis
482 1075 516 1140 in
538 1075 726 1140 Isthmiacos
750 1075 893 1160 prolatus
917 1077 955 1140 ab
980 1093 1114 1160 aequore
1138 1075 1246 1158 portus

382 1182 555 1264 naufragus
579 1181 728 1264 imposita
750 1181 850 1247 iacuit
873 1184 931 1248 sub
955 1183 1054 1247 matre
1078 1181 1263 1262 Palaemon3

382 1289 428 1354 sie
454 1289 542 1354 etin
566 1289 749 1374 anguiferae
773 1288 935 1354 ludentem
960 1288 1104 1371 gramine
1126 1287 1245 1354 Lernae

384 1395 553 1462 rescissum
577 1395 717 1480 squamis
742 1396 851 1461 auidus
875 1395 959 1471 bibit
982 1395 1066 1478 ignis
1091 1394 1258 1478 Ophelten.

748 1592 924 1669 orestes.

311 1717 599 1792 Formidinibus
623 1720 806 1784 umbrarum
830 1719 934 1783 uritur
956 1719 993 1783 nt
1016 1717 1143 1784 Orestes
1167 1717 1212 1782 ita
1235 1716 1350 1785 Caesar
1377 1717 1449 1796 dor-

221 1824 322 1890 miens
347 1825 403 1910 (ci.
426 1824 596 1904 Pentheus,
621 1824 745 1910 Agaue)

311 1932 387 1998 Luc.
412 1932 525 1997 Phars.
550 1931 610 1996 VH
634 1934 810 1999 776-780
1176 2001 1178 2004 ,
1221 2001 1222 2004 ,

709 2090 716 2104 .
743 2085 749 2102 .
774 2056 880 2105 omnes
904 2038 937 2103 in
964 2037 1094 2105 Caesare
1116 2057 1234 2105 manes.

381 2146 466 2211 baud
490 2145 568 2211 alios
592 2146 733 2211 nondum
757 2146 902 2230 Scythica
925 2147 1080 2230 purgatus
1103 2145 1137 2211 in
1161 2163 1215 2210 ara

383 2253 595 2318 Eumenidum
616 2252 698 2318 vidit
721 2254 828 2318 vultus
852 2252 1007 2337 Pelopeus
1032 2253 1169 2334 Orestes,

382 2379 439 2425 nec
462 2360 565 2442 magis
590 2360 739 2426 attonitos
764 2359 862 2426 animi
886 2379 1010 2426 sensere
1033 2360 1202 2442 tumultus,

383 2487 456 2533 cnm
471 2467 598 2548 hrreret,
616 2468 785 2549 Pentheus,
802 2468 858 2532 aut
869 2487 941 2532 cum
957 2467 1101 2551 desisset,
1114 2466 1235 2552 Agaue.

738 2644 938 2732 Orpheus.

313 2769 432 2836 Oantu
456 2770 544 2837 dulci
566 2769 673 2836 Atedii
697 2770 838 2836 Melioris
872 2771 960 2836 dolor
992 2771 1134 2854 mitigari
1165 2791 1226 2836 non
1259 2769 1363 2854 potest
1393 2769 1449 2855 (cf.

92 2961 95 2966 Ι
224 2875 363 2961 Sirenes)

312 2982 389 3049 Stat.
415 2985 490 3050 Silv.
508 2986 540 3051 Π
566 2990 594 3067 1,
621 2988 751 3051 10-12

385 3111 452 3173 nec,
477 3093 505 3156 si
528 3093 739 3176 tergeminum
762 3092 869 3158 Sicula
893 3095 931 3158 de
953 3093 1077 3178 virgine
1101 3112 1236 3175 carmen,

385 3199 494 3264 affluat
516 3202 572 3265 ant
595 3199 685 3265 silvis
709 3200 816 3284 chelys
840 3200 1002 3264 intellecta
1025 3199 1174 3282 ferisque,

384 3306 522 3371 mulceat
545 3308 670 3372 insanos
695 3307 847 3389 gemitus3

313 3448 414 3513 neque
436 3431 539 3514 magis
564 3430 707 3514 Orpheus
731 3430 946 3497 Abascantum
962 3431 1117 3497 consolari
1132 3432 1236 3514 potest
1252 3431 1308 3516 (cf.
1323 3432 1447 3515 Musae)

315 3535 392 3602 Stat.
418 3535 539 3602 Silv.V
565 3540 593 3616 1,
619 3540 749 3604 23-25

796 3697 802 3710 .
829 3697 836 3712 .
862 3697 869 3711 .
894 3644 970 3711 licet
993 3645 1063 3729 ipse
1087 3645 1234 3711 levandos

382 3751 422 3816 ad
433 3751 570 3834 gemitus
588 3752 678 3818 silvis
698 3753 865 3819 comitatus
885 3754 916 3818 et
928 3753 1073 3819 amnibus
1092 3752 1236 3836 Orpheus

383 3858 518 3938 adforet3

313 4002 371 4048 ars
396 3983 452 4068 (cf.
476 3983 585 4066 Arion,
608 3983 784 4070 Amphion)

313 4089 397 4155 Stat.
416 4089 491 4156 Silu.
509 4091 542 4155 Π
565 4093 595 4173 3,
620 4093 761 4158 60-61.

726 4277 957 4348 Palaemon.

313 4402 414 4468 Mors
439 4403 494 4487 (cf.
521 4403 688 4488 Opheltes)

313 4507 390 4575 Stat.
415 4509 492 4575 Silv.
509 4509 541 4574 Π
567 4515 595 4591 l,
623 4512 810 4593 179-1823

313 4634 480 4719 receptio
504 4635 559 4720 (cf.
585 4633 735 4720 Glaucus,
758 4636 883 4720 Triton)

314 4738 390 4807 Stat.
415 4742 512 4807 Theb.
529 4741 575 4808 IX
599 4743 785 4808 328-1-331.
926 4763 928 4769 ·
