3522 5298
935 397 976 461 58

870 485 1081 495 —n-——

430 604 488 671 Sil.
511 605 637 672 Pun.V
661 608 838 672 ono-284

822 765 829 779 .
855 765 862 779 .
889 765 896 779 .
921 733 977 780 ceu
1000 715 1118 794 tigride
1142 734 1233 780 cervo

500 820 646 904 Hyrcano
669 840 741 886 cum
765 839 873 904 pressa
895 822 1014 904 tremit,
1030 821 1080 887 vel
1102 821 1213 888 territa
1236 841 1353 905 pennas

503 926 628 1011 colligit
651 927 833 1010 accipitrem
857 945 986 994 cerneus
1009 928 1044 993 in
1067 930 1150 994 nube
1176 929 1330 1010 columba,

499 1035 556 1099 aut
578 1033 683 1098 dumis
708 1034 803 1117 subit,
828 1035 948 1100 albenti
971 1035 999 1100 si
1023 1035 1123 1100 sensit
1144 1035 1179 1100 iu
1202 1035 1310 1102 aethra

501 1141 670 1206 librantem
693 1142 781 1206 uisus
806 1140 955 1225 aquilam,
980 1142 1121 1226 lepus¹);

429 1264 547 1330 forma
569 1266 654 1331 necis
678 1285 739 1332 nou
763 1266 863 1332 altera
886 1267 990 1349 surgit
1012 1267 1044 1332 et
1059 1265 1141 1332 inter
1156 1266 1275 1332 milites
1300 1268 1331 1332 et
1353 1267 1437 1352 inter
1459 1287 1565 1333 cervos

429 1372 499 1438 Val.
524 1373 625 1438 Flacc.
651 1371 727 1456 Arg.
744 1372 789 1438 VI
812 1375 987 1439 loo-422

500 1498 596 1565 quam
619 1499 723 1546 cervos
748 1479 805 1546 ubi
828 1500 890 1545 uon
913 1481 1032 1550 Umbro
1054 1483 1183 1546 venator
1204 1481 1306 1566 edaci,

499 1606 561 1652 uon
584 1587 682 1669 pinna
704 1588 795 1669 petit,
819 1587 981 1652 haerentes
1006 1589 1061 1653 aed
1086 1588 1232 1653 comibus
1256 1586 1330 1653 altis

499 1693 621 1758 invenit
643 1694 675 1758 et
697 1712 788 1758 caeca
811 1693 994 1759 constrictos
1018 1693 1134 1778 excipit
1155 1695 1214 1759 ira.

860 1879 1048 1968 Elephas.

428 2005 621 2071 Vivaoitaa
645 2005 777 2072 Scaevae
800 2005 890 2072 nullo
912 2006 1042 2072 vulnere
1064 2005 1171 2090 frangi
1194 2007 1299 2090 potest

427 2111 504 2178 Luc.
527 2113 639 2178 Phara.
655 2111 700 2176 VI
723 2114 898 2178 208-213

500 2219 546 2284 sic
568 2219 704 2304 Libycus
729 2218 834 2284 densis
852 2219 1000 2303 elephans
1018 2238 1184 2303 oppressus
1202 2222 1240 2287 ab
1257 2219 1353 2284 armis

499 2346 590 2393 omne
612 2344 832 2408 repercussum
856 2324 1017 2410 squalenti
1039 2326 1162 2393 missile
1185 2329 1274 2404 tergo

498 2433 619 2517 frangit
642 2435 673 2499 et
696 2433 853 2500 haerentis
877 2435 962 2498 mota
985 2435 1057 2498 oute
1081 2433 1213 2499 discutit
1228 2434 1352 2514 hastas;

498 2541 618 2606 viscere
641 2540 711 2605 tuta
733 2539 833 2605 latent
854 2540 993 2624 penitus,
1018 2540 1159 2622 citraque
1183 2559 1324 2605 eruorem

500 2648 635 2714 confixae
659 2648 745 2713 stant
767 2645 832 2712 tela
854 2647 948 2729 ferae,
971 2647 1019 2712 tot
1041 2647 1124 2712 sucta
1148 2647 1274 2730 sagittis

500 2757 546 2820 tot
567 2754 681 2820 iaculis
706 2774 800 2819 uuam
823 2773 885 2819 nou
910 2753 1035 2840 explent
1057 2753 1185 2820 volnera
1207 2755 1350 2820 mortem.

880 2959 1027 3046 Equus.

426 3085 659 3151 Incitationc
689 3085 824 3150 maxima
856 3084 950 3150 Curio
983 3084 1146 3152 Caesarem
1177 3085 1218 3151 ad
1249 3085 1370 3152 bellum
1402 3085 1566 3152 celerrime

338 3192 575 3277 suscipiendum
597 3194 702 3259 movet

426 3300 503 3366 Luc.
526 3299 668 3365 Phars.I
692 3301 867 3366 293-295

659 3458 666 3472 .
691 3457 699 3470 .
725 3457 733 3470 .
759 3407 912 3490 quantum
936 3406 1071 3473 clamore
1093 3406 1221 3472 iuvatur

497 3515 592 3582 Eleus
617 3515 752 3598 sonipes,
777 3513 920 3599 quamvis
942 3513 1008 3578 iam
1031 3533 1153 3579 carcere
1175 3512 1282 3578 clauso

496 3623 662 3688 immineat
684 3621 804 3688 foribus
829 3621 1025 3706 pedibusque
1048 3620 1201 3705 repagula
1223 3621 1322 3702 laxet3

426 3747 629 3814 celeritate
653 3748 769 3831 pedum
793 3747 970 3829 adaequant
992 3745 1156 3811 Autololes
1180 3764 1274 3830 equos
1299 3745 1352 3828 (cf.
1377 3743 1495 3829 amuis)

428 3855 485 3920 Sil.
511 3855 592 3921 Puu.
616 3855 856 3921 111307-308

497 3961 549 4026 cui
572 3961 696 4044 sonipes
721 3979 825 4042 cursu,
849 3960 902 4025 cui
925 3960 1054 4026 cesserit
1076 3959 1194 4025 incitus
1218 3959 1331 4043 amnis,

496 4070 585 4134 tauta
607 4068 684 4149 fuga
708 4068 773 4143 est;

426 4193 642 4278 cupiditate
655 4192 818 4278 pugnandi
831 4192 952 4258 diutius
964 4191 1076 4258 Lemni
1092 4191 1189 4259 otiose
1201 4193 1341 4257 moratus
1352 4191 1466 4274 flagrat
1474 4189 1564 4254 Iason

425 4301 496 4367 Val.
521 4300 624 4367 Flacc.
648 4299 725 4383 Arg.
742 4301 773 4365 Π
798 4300 972 4367 385-389

497 4407 582 4473 haud
606 4426 695 4473 secus
719 4405 891 4473 Aesonides
907 4404 1036 4472 monitis
1054 4424 1203 4472 accensus
1226 4404 1353 4486 amaris,

426 4586 448 4656 ¹)
468 4585 570 4641 Confer
589 4585 651 4641 Seu.
671 4584 739 4640 Oed.
753 4584 903 4642 903-905.
