3522 5298
371 641 412 722 te,
436 604 610 723 Meleagre,
631 643 731 712 subit:
764 642 809 708 ihi
833 643 961 708 demum
984 644 1115 726 cuspide
1137 643 1203 708 lata

371 746 474 811 haesit
497 750 529 813 et
552 749 662 814 obnixo
685 750 804 815 ferrum
833 749 952 815 laxavit
974 750 1008 814 in
1032 769 1127 816 arum.
1180 798 1182 806 κ

626 926 771 997 Castor
795 930 834 997 et
859 925 1013 997 Pollux.

303 1048 479 1132 Belliger
502 1051 558 1150 (cf.
581 1052 677 1134 Mars,
701 1053 870 1138 Hercules)

304 1155 373 1220 Seu.
398 1156 516 1222 Phaed.
542 1160 732 1240 804-8113

304 1279 464 1346 Castorem
488 1283 712 1349 domitorem
737 1304 887 1369 equorum
912 1285 1069 1350 antecedit
1092 1285 1284 1372 Hippolytus

305 1385 375 1453 Seu.
400 1388 517 1454 Phaed.
544 1393 716 1458 809-811

377 1497 405 1560 si
429 1496 519 1562 dorso
543 1498 642 1564 libeat
665 1499 841 1583 cornipedis
864 1499 946 1581 vehi,

377 1603 473 1668 irenis
499 1603 646 1671 Castorea
668 1607 816 1672 mobilior
839 1627 934 1672 manu

378 1709 567 1794 Spartanum
590 1714 708 1796 poteris
730 1714 855 1779 flectere
878 1713 1026 1797 Cyllaron
1036 1715 1077 1800 1);

306 1817 484 1882 maiestas
509 1819 563 1903 (cf.
589 1820 742 1901 Bacchus,
766 1821 862 1899 Mars,
886 1821 1040 1905 luppiter,
1064 1821 1233 1907 Hercules)
1286 1907 1287 1910 Ἴ

307 1923 384 1989 Stat.
409 1925 486 1991 silv.
502 1927 547 1990 IV
571 1929 601 2010 2,
625 1930 774 2010 ‘id—563

307 2048 483 2130 victoriis
507 2050 774 2134 splendidissimis
803 2072 864 2117 non
893 2053 1029 2118 minores
1053 2053 1183 2117 honores
1208 2055 1371 2118 assecutus
1396 2055 1443 2118 est
1483 2095 1485 2099 ν

218 2155 307 2237 pater
330 2157 438 2239 poetae
462 2177 556 2241 qnam
581 2157 690 2224 Castor
713 2162 745 2225 et
761 2153 880 2224 'Pollux

309 2263 386 2328 Stat.
412 2264 488 2329 silv.
505 2265 533 2330 V
549 2267 580 2348 3,
608 2267 782 2332 raa-140

542 2424 549 2437 .
575 2423 582 2437 .
608 2375 617 2436 .'
640 2392 701 2439 non
724 2374 839 2438 totiens
863 2374 1011 2439 victorem
1036 2374 1165 2441 Castora
1189 2395 1264 2458 gyro

380 2497 438 2544 nec
462 2479 591 2546 fratrem
616 2482 721 2546 caestu
745 2481 862 2546 virides
886 2481 1030 2566 plausere
1053 2481 1246 2567 Therapnae.

716 2630 951 2736 Centaurus.

310 2756 442 2838 Pugna
465 2758 566 2822 atrox:

312 2881 428 2946 omnes,
453 2864 508 2947 qni
532 2864 562 2928 ei
585 2864 752 2944 obsistunt,
778 2866 948 2946 prosternit
972 2865 1192 2947 Hippomedon

311 2968 389 3035 Stat.
413 2970 510 3036 Theb.
527 2970 573 3035 IX
596 2972 771 3036 aaa-222
1176 3045 1177 3048 Ἴ

437 3078 565 3144 semifer
588 3078 672 3143 aeria
694 3079 769 3162 talis
794 3078 968 3145 Centaurus
993 3081 1031 3144 ab
1057 3077 1137 3144 Ossa

437 3185 546 3250 desilit
567 3185 601 3250 iu
624 3185 734 3269 valles,
758 3186 865 3268 ipsum
887 3206 1014 3251 nemora
1039 3186 1103 3251 alta
1126 3182 1314 3250 tremiscunt

437 3311 566 3376 campus
590 3312 722 3378 equnm3

314 3399 448 3465 caedes
473 3400 528 3485 (cf.
553 3399 721 3485 Lapithae)

315 3506 393 3573 Stat.
417 3506 560 3573 Thenv
585 3508 677 3573 261-
696 3509 769 3573 264.

757 3700 922 3772 Chiron.

314 3827 547 3893 Educatoris
564 3828 741 3912 exemplum
753 3829 882 3910 praebet
895 3828 1021 3910 Chiron,
1035 3828 1138 3912 qualis
1152 3829 1218 3892 erat
1230 3829 1319 3909 pater
1331 3827 1449 3910 poetae,

227 3954 320 4020 quem
337 3935 553 4001 adulescentes
571 3936 697 4018 egregie
711 3936 890 4000 instituisse
905 3938 997 4020 poeta
1012 3935 1057 4000 ait
1078 3935 1132 4020 (cl.
1149 3927 1273 4016 Nestor,
1296 3933 1450 4018 Phoenix)

316 4043 393 4108 Stat.
420 4043 541 4108 Silv.V
565 4046 595 4124 3,
623 4046 797 4109 191-194

386 4170 448 4215 non
472 4149 532 4215 tibi
556 4152 729 4216 certassent
752 4149 905 4222 iuvenilia
927 4149 1046 4232 fingere
1070 4149 1163 4214 corda

386 4257 501 4323 Nestor
525 4258 556 4323 et
578 4257 726 4322 indomiti
749 4258 889 4323 Phoenix
916 4258 1094 4322 moderator
1116 4256 1238 4348 alumni

388 4363 505 4448 quique
528 4366 620 4430 tubas
653 4384 738 4430 acres
763 4364 922 4449 lituosque
951 4364 1059 4429 audire
1082 4364 1239 4429 volentem
1274 4391 1275 4398 ¹

387 4470 545 4538 Aeaciden
569 4471 631 4537 alio
655 4472 822 4554 frangebat
845 4471 982 4537 carmine
1007 4469 1137 4551 Chir0n3

225 4579 440 4589 ..—-—.-·—.

321 4629 340 4698 ¹)
360 4629 440 4700 Varg.
456 4629 555 4700 Ceorg.
569 4629 615 4683 III
634 4632 668 4686 89
689 4630 796 4685 confert
814 4631 880 4688 Leo.

1223 4719 1238 4772 2
