3522 5298
388 666 465 758 quid
489 674 521 739 te
544 675 615 757 post
638 673 757 741 cineres
782 676 972 761 deceptaque
995 677 1107 743 funcra
1128 673 1240 744 matris

387 781 489 846 tutius
512 781 587 846 Inoo
610 783 787 865 reptantem
810 784 944 866 pectore,
968 784 1111 850 Bacche?
1363 855 1365 858 .

387 888 452 953 iam
475 907 584 953 secura
607 889 706 971 patris
730 889 841 955 'luscis
870 891 1022 973 regnabat
1045 891 1078 956 iu
1101 890 1196 956 undis
1294 963 1297 969 ,

388 994 458 1076 Ilia,
483 996 662 1081 portantem
684 996 825 1063 lassabat
847 997 1002 1064 Romulus
1025 998 1150 1076 deiram.

700 1209 991 1296 Agamemnon.
1005 1284 1007 1290 ,

318 1352 474 1418 Sanatio
498 1352 552 1437 (cf.
578 1353 741 1435 Machaon,
764 1353 938 1440 Telephus)
1039 1452 1042 1458 ,

319 1459 523 1526 de.Sssv.I
546 1462 793 1542 4,112-114;

319 1584 541 1667 magnitudo
576 1585 727 1652 exercitus
763 1585 904 1657 Caesaris
939 1606 1001 1652 non
1026 1587 1108 1653 cedit
1135 1586 1365 1671 Agamemnoni
1400 1588 1455 1674 (cs.

230 1690 357 1774 Darius,
380 1690 512 1778 Xerxes)

319 1815 393 1882 Luc.
418 1816 529 1882 Phara.
546 1817 594 1882 III
617 1820 794 1885 sse-290

390 1961 462 2022 non,
491 1962 563 2008 cum
586 1943 773 2008 Memnoniis
803 1943 959 2009 deducens
987 1944 1115 2027 agmina
1136 1945 1243 2030 regnis

392 2049 490 2133 Cyrus
515 2052 546 2116 et
569 2049 678 2121 effusis
701 2052 864 2115 numerato
887 2050 992 2116 milite
1014 2051 1089 2116 telis

392 2156 554 2223 descendit
577 2158 687 2223 Perses
711 2157 904 2242 fraternique
925 2152 1017 2223 ¹ultor
1040 2159 1154 2224 amoris

391 2283 526 2348 aequora
549 2284 621 2329 cum
648 2265 746 2330 tantis
774 2265 932 2350 percussit
955 2265 1121 2349 classibus,
1145 2286 1243 2332 unum

390 2372 437 2437 tot
459 2391 549 2456 reges
572 2371 709 2438 habuere
733 2372 855 2456 ducem,
878 2372 978 2438 coiere
1001 2392 1222 2457 necunquam
1298 2406 1302 2414 ·

390 2480 457 2544 tam
479 2479 583 2546 variae
606 2480 695 2545 cultu
718 2481 838 2563 gentes,
861 2482 928 2545 tam
951 2479 1075 2546 dissone
1102 2481 1188 2564 volgi

391 2605 459 2666 ora3
711 2664 713 2670 y

322 2710 444 2793 gloria
478 2711 635 2795 Scipionis
670 2712 796 2777 landem
825 2710 1069 2793 Agamemnonis
1106 2714 1245 2797 superat,
1281 2677 1366 2797 quod
1400 2713 1457 2778 ille

233 2836 379 2899 sponsam
412 2818 564 2902 principis
601 2819 766 2884 cuiusdam
800 2819 874 2884 huic
908 2819 1067 2904 reddidit,
1105 2839 1176 2884 cum
1210 2819 1324 2885 Atrida
1358 2820 1456 2886 amori

233 2923 350 2990 incesto
375 2925 556 3008 indulgeret
579 2927 635 3010 (cl.
651 2925 808 3010 Achilles)

322 3051 378 3118 Sil.
403 3053 483 3116 Pun.
500 3051 557 3116 XV
582 3053 756 3117 aro—279

658 3227 665 3240 .
691 3227 698 3241 .
725 3225 732 3240 .
757 3176 847 3241 cedat
869 3175 930 3241 tibi
953 3175 1055 3257 gloria
1078 3175 1209 3258 lausque
1266 3241 1271 3251 ,
1300 3243 1304 3249 ,

392 3301 578 3366 magnorum
593 3284 723 3348 heroum
739 3284 957 3366 celebrataque
973 3283 1111 3348 carmine
1133 3283 1243 3348 virtus.

391 3389 482 3454 mille
504 3390 691 3473 Mycenaeus
716 3391 770 3474 qui
794 3390 888 3455 traxit
910 3389 944 3454 in
967 3409 1102 3474 aequora
1124 3409 1232 3472 proras

391 3499 503 3579 rector,
527 3498 559 3562 et
581 3496 719 3562 Inachiis
748 3497 803 3584 qui
826 3496 977 3563 Thessala
1006 3496 1135 3562 miscuit
1158 3517 1246 3562 orma

392 3603 527 3670 femineo
551 3603 670 3669 socium
693 3603 852 3669 violarunt
874 3604 983 3669 foedus
1008 3623 1120 3669 amore.

643 3816 742 3887 Aiax
764 3815 883 3905 (Oilei
907 3815 1040 3902 relius).

323 3961 562 4026 sustentatio
595 3961 678 4026 vitae
716 3980 817 4047 neque
855 3961 945 4026 Aiaci
985 3979 1086 4044 neque
1121 3959 1241 4044 Ornyto
1276 3959 1458 4026 natantibus

234 4068 350 4150 obtigit

323 4175 379 4241 Sil.
404 4177 484 4241 Pur.
501 4175 575 4240 XIV
600 4176 775 4241 err-480

394 4301 517 4366 innatat
539 4320 609 4367 ecce
633 4319 727 4383 super
749 4300 896 4365 transtris
920 4300 1115 4366 fumantibus
1141 4317 1232 4381 asper

394 4407 529 4491 Ornytos
543 4427 578 4472 ac
591 4407 719 4490 longam
732 4407 860 4474 sibimet
871 4407 949 4472 facit
961 4425 1093 4489 aequore
1101 4407 1246 4486 mortem,

394 4513 498 4599 qualis
523 4514 664 4580 Oiliades
687 4515 808 4580 fulmen
831 4514 989 4579 iaculante
1012 4513 1164 4594 Minerva,

394 4621 552 4703 surgentis
577 4622 699 4687 domuit
719 4621 834 4686 fluctus
857 4619 1040 4686 ardentibus
1064 4619 1161 4684 ulnis.
