3522 5298
558 1229 560 1232 ⁵
697 1246 866 1386 Caput
906 1250 978 1354 Ν.

313 1599 492 1683 Exempla
515 1601 551 1665 et
574 1601 875 1684 comparationes
900 1621 916 1666 e
939 1604 1075 1667 natura
1099 1603 1265 1684 sumpta,
1290 1621 1384 1686 quae

225 1706 391 1772 attinent
415 1707 460 1770 ad

313 1832 346 1916 a)
370 1831 555 1897 animalia

376 1941 403 2003 1.
428 1957 598 2004 mammas
621 1941 873 2030 praebentia,-

375 2047 405 2110 2.
429 2065 531 2128 aves3

312 2170 348 2254 b)
371 2169 538 2253 plantas3

312 2295 344 2378 a)
368 2294 458 2375 alia,
483 2315 576 2378 quae
600 2297 645 2361 ad
667 2298 843 2362 naturam
866 2297 1070 2379 pertinent.

792 2512 830 2598 a)
854 2513 881 2579 1.

736 2625 936 2696 Armenta.

311 2750 580 2818 Mediocritate
613 2771 724 2817 aurea
754 2752 809 2837 qui
838 2753 940 2818 utitur
972 2752 1069 2817 evitat
1095 2751 1189 2816 facile
1221 2749 1361 2833 pericula
1390 2749 1448 2832 (ef.

221 2859 323 2942 arbor,
346 2858 473 2944 ventus)

311 2983 380 3048 san.
404 2982 465 3066 ug.
483 2985 637 3051 90-100

381 3106 450 3173 vela
473 3109 618 3174 secundis
643 3109 751 3175 inflata
773 3110 856 3175 netis

380 3216 488 3281 ventes
512 3216 647 3281 nimium
670 3218 804 3284 timuere
828 3237 910 3301 suos,

381 3322 518 3389 nubibus
541 3323 621 3407 ipsis
644 3324 763 3399 inserta
786 3326 881 3408 caput

379 3429 477 3494 turris
501 3430 608 3513 pluvio
631 3431 761 3515 vapulat
783 3431 909 3512 Austro,

381 3536 556 3620 densasque
578 3557 689 3603 nemus
714 3557 864 3621 spargens
887 3540 1015 3605 umbras

380 3662 497 3709 annosa
519 3644 607 3710 videt
629 3648 739 3710 robora
761 3645 869 3729 frangi
876 3673 884 3726 ;

380 3750 498 3816 feriunt
521 3751 619 3817 celsos
644 3752 779 3817 fulmina
802 3751 898 3818 eolles

380 3877 507 3941 corpora
529 3859 648 3925 morbis
672 3859 791 3924 maiora
815 3861 925 3943 patent

380 3966 411 4030 et
434 3987 506 4031 aum
528 3965 561 4030 in
584 3969 694 4050 pastus
719 3969 860 4033 armenta
883 3987 977 4051 vagos

379 4072 456 4137 vilia
479 4076 615 4156 currant,
639 4074 743 4158 placet
766 4075 799 4139 in
822 4076 939 4140 vulnus

379 4179 516 4245 maxima
539 4181 650 4247 cervix.
732 4227 740 4242 .

698 4349 822 4421 Belua
847 4350 974 4438 ponti.

309 4477 479 4543 Saevitia
508 4477 642 4542 Neronis
674 4477 708 4542 in
739 4461 844 4542 hostes
876 4477 965 4542 avide
995 4477 1199 4560 irrumpentis
1233 4498 1305 4543 eum
1336 4477 1448 4544 beluae

220 4584 304 4650 fame
327 4585 482 4651 cruciatae
506 4585 671 4669 piscesque
695 4584 872 4650 devorantis
896 4587 1093 4668 eomparatur
1229 4657 1232 4664 ¹
