3522 5298
727 431 939 530 -ἓ-

381 661 438 706 nec
462 641 596 706 stolidus
620 642 753 707 Brontes
777 661 843 722 nec,
868 641 923 725 qui
948 640 1028 724 polit
1055 660 1141 706 arma
1166 641 1304 720 deornm,

380 748 530 815 Lemnius
553 748 664 831 exigua
688 748 842 831 potuisset
864 747 973 812 ludere
996 766 1115 830 massa3

310 873 513 956 fragorem,
538 893 631 957 quem
655 873 753 938 efficit
775 871 936 938 Vulcanus
960 873 993 937 in
1016 873 1146 954 fabrica,
1170 860 1269 940 efficit
1292 870 1445 938 Hercules

221 980 254 1044 in
278 980 470 1046 aedificando
493 980 612 1064 templo
637 980 692 1064 (cs.
709 981 851 1064 Brontes,
876 980 1035 1064 Steropes)

313 1105 390 1170 Stat.
416 1104 491 1170 Silv.
509 1103 556 1170 ΙΙΙ
582 1108 611 1188 l,
638 1103 810 1172 130-133

381 1232 443 1277 non
466 1214 531 1278 tam
555 1213 674 1296 grande
702 1213 792 1278 sonat
814 1212 908 1278 motis
932 1212 1100 1279 incudibus
1124 1212 1234 1292 Aetne,

382 1339 454 1386 cum
477 1320 609 1385 Brontes
633 1319 841 1406 Steropesque
862 1319 946 1404 ierit,
970 1335 1036 1384 nec·
1049 1319 1149 1384 maior
1171 1320 1211 1384 ab
1235 1318 1334 1384 antris

382 1427 557 1492 Lemniacis
569 1427 675 1508 fragor
687 1428 745 1510 est,
762 1426 818 1491 nbi
834 1426 997 1492 flammeus
1011 1426 1123 1511 aegida
1135 1426 1235 1492 caelat

382 1533 540 1600 Mulciber
562 1535 594 1599 et
617 1533 712 1599 castis
736 1534 864 1599 exornat
885 1533 1017 1599 Pallada
1041 1533 1145 1616 donis3

313 1659 440 1724 furore
474 1658 533 1723 tali
569 1653 741 1762 exardescit
771 1657 885 1724 Caesar
919 1659 1072 1740 inclusus,
1105 1657 1191 1742 quali
1215 1655 1388 1739 Vulcanus,
1422 1656 1450 1720 si

224 1763 325 1831 Aetna
346 1767 452 1831 monte
475 1767 559 1830 esset
580 1785 747 1876 oppressus
772 1765 828 1850 (cf.
854 1765 969 1851 bestia)

312 1891 388 1956 Luc.
412 1891 570 1957 PharsX
593 1886 768 1960 sla-448

384 1997 429 2064 sic
452 1998 560 2063 fremit
574 1998 607 2062 in
624 1998 728 2082 parvis
749 1999 816 2065 fera
832 1997 948 2064 nobilis
966 1997 1074 2062 abdita
1089 1995 1236 2062 claustris

290 2129 291 2133 ¹
384 2107 416 2171 ct
438 2105 559 2187 frangit
581 2106 706 2190 rapidos
731 2125 910 2188 praemorso
926 2123 1048 2170 carcere
1072 2104 1191 2184 dentes,

383 2232 422 2277 ne
446 2230 535 2278 secus
558 2212 593 2277 in
609 2212 724 2306 Siculis
741 2213 859 2278 fureret
874 2213 930 2278 tua
945 2211 1072 2277 flamma
1085 2210 1237 2292 cavernis,

384 2320 559 2388 obstrueret
582 2339 738 2385 summam
761 2320 788 2384 si
813 2319 884 2405 quis
908 2319 979 2402 tibi,
1002 2317 1169 2401 Mulciber,
1192 2307 1336 2384 Aetnam.

767 2549 907 2620 Diana.

315 2675 572 2743 Pulchritudo
596 2676 767 2758 corporis
791 2675 931 2743 filiarum
951 2675 1079 2740 Adrasti
1103 2695 1121 2740 a
1144 2675 1236 2757 poeta
1260 2671 1451 2739 describitur

317 2800 394 2866 Stat.
417 2800 517 2866 Theb.
541 2801 557 2866 Ι
581 2803 755 2868 aaa-536

386 2924 534 2992 Pallados
558 2907 732 2992 armisonae
755 2926 1014 3012 pharetrataeque
1037 2945 1090 2991 ora
1113 2924 1234 2990 Dianae

387 3051 487 3117 aequa
509 3032 625 3117 ferunt,
648 3034 766 3099 terrore
788 3033 911 3114 minns;

318 3176 355 3240 nt
377 3174 480 3241 Diana
501 3168 650 3258 serarum,
673 3177 719 3241 ita
741 3176 880 3242 hostium
905 3177 1070 3258 stragem
1094 3174 1161 3240 edit
1173 3172 1282 3240 Livius
1298 3171 1454 3238 Salinator

317 3287 759 3368 mmmmmr

268 3417 271 3423 ’
387 3425 513 3511 iamque
537 3413 593 3509 per
615 3429 755 3493 extentos
779 3428 901 3494 alterna
924 3430 1030 3509 strage
1051 3425 1191 3492 virorum

388 3553 516 3617 corpora
538 3534 610 3599 fusa
632 3534 736 3626 iacent
759 3553 895 3618 campos,
920 3534 1123 3617 demersaque
1146 3533 1179 3597 in
1203 3532 1321 3598 undam
1371 3577 1374 3583 ι

388 3640 558 3707 iunxerunt
581 3641 707 3706 cumulo
731 3642 888 3708 crescente
912 3641 1063 3706 cadavera
1084 3639 1170 3723 ripas

387 3747 426 3811 ut
448 3766 520 3812 cnm
542 3749 657 3831 venatu
681 3747 780 3814 saltus
804 3748 925 3814 exercet
947 3766 1057 3833 opacos

390 3854 548 3940 Dictynna
570 3856 602 3919 et
625 3855 724 3922 laetae
747 3857 876 3941 praebet
900 3854 1078 3938 spectacula
1101 3853 1206 3936 matri,

389 3962 445 4026 aut
468 3961 583 4046 Cynthi
608 3981 735 4029 nemora
758 3961 915 4028 excutiens
937 3963 994 4027 aut
1017 3961 1163 4028 Maenala
1185 3960 1336 4039 lustrans,

389 4068 491 4134 omnis
515 4059 674 4134 Naiadum
697 4069 799 4151 plenis
824 4068 971 4135 comitata
994 4067 1150 4152 pharetris

389 4176 483 4239 turba
505 4175 580 4258 ruit,
604 4175 806 4259 striduntque
829 4175 998 4260 sagittiferi
1022 4175 1136 4260 goryti.

389 4282 459 4346 tum
482 4302 538 4365 per
561 4301 633 4348 saxa
655 4283 739 4348 ferae
762 4301 880 4368 perque
903 4282 973 4366 ipsa
997 4281 1115 4350 cubilia
1136 4281 1236 4364 fusae,

391 4408 447 4472 per
470 4388 562 4454 vallis
586 4389 760 4474 fluviosque
783 4391 877 4476 atque
902 4391 992 4455 antra
1014 4388 1148 4454 virentia
1171 4406 1279 4453 museo

390 4495 493 4561 multa
516 4497 621 4579 strage
643 4496 755 4564 iacent.
802 4497 921 4562 exultat
944 4495 1061 4562 vertice
1083 4494 1199 4560 montis

392 4603 515 4690 gratam
537 4603 733 4691 perlustrans
757 4602 858 4670 oculis
880 4603 1012 4670 Latonia
1034 4601 1192 4688 praedam.
