3522 5298
774 483 815 546 89

735 692 863 780 Lapis.

273 818 435 886 Auctus:

273 928 310 991 ut
334 927 414 1010 lapis
438 928 472 992 iu
488 947 570 1015 aqua
585 929 724 1010 primum
743 949 864 1012 parvos,
889 929 1002 994 deinde
1017 928 1161 1009 maiores,
1177 927 1245 992 tum
1262 927 1412 991 maximos

192 1034 325 1100 circulos
358 1035 482 1115 format,
514 1036 559 1100 ita
589 1036 728 1119 primum
751 1037 855 1119 pauci,
887 1038 954 1100 tum
988 1037 1106 1118 plures,
1140 1033 1275 1117 denique
1307 1053 1413 1099 omues

186 1141 305 1206 milites
329 1141 461 1206 Romam
484 1143 598 1207 reverti
622 1143 817 1208 constituunt
920 1147 922 1152 '

275 1247 332 1312 Sil.
357 1249 438 1314 Pnu,
456 1249 534 1314 XIII
557 1252 687 1316 24-29

348 1355 392 1420 sic
416 1357 470 1422 ubi
493 1357 636 1440 perrupit
660 1359 859 1441 stagnantem
883 1358 1023 1422 calculus
1048 1357 1177 1436 undam,
1267 1409 1270 1415 .

349 1463 474 1545 exiguos
498 1464 613 1529 funnat
635 1485 691 1547 per
714 1465 816 1547 prima
839 1465 1000 1529 volumina
1023 1483 1127 1547 gyros,

347 1589 417 1634 mox
440 1571 610 1635 tremulum
627 1571 753 1637 vibrans
770 1574 858 1637 motu
876 1573 1029 1656 gliscente
1045 1571 1198 1654 liquorem

347 1677 542 1760 multiplicat
565 1680 687 1743 crebros
713 1679 830 1744 sinuati
855 1679 992 1761 gurgitis
1016 1683 1125 1744 orbes:

350 1785 447 1849 donec
470 1787 626 1868 postremo
650 1785 761 1850 laxatis
786 1786 924 1851 circulus
949 1786 1012 1850 oris

350 1891 511 1973 contingat
534 1893 676 1974 geminas
701 1893 810 1975 patulo
835 1894 1015 1958 curvamine
1037 1893 1132 1976 ripas

764 2124 883 2194 Luna.

281 2249 466 2333 Splendor
489 2249 544 2335 (cf.
571 2250 746 2334 Hesperus)

278 2358 350 2424 Seu.
374 2357 490 2422 Phaed.
510 2359 699 2438 ala-7523

278 2482 418 2547 omnium
442 2481 601 2563 virginum
624 2463 971 2564 Me'dea'pulcherrima
996 2484 1043 2547 est
1055 2483 1080 2566 ¹)
1105 2483 1160 2566 (cf.
1187 2484 1249 2565 sol)

279 2590 349 2655 Seu.
375 2589 458 2653 Med.
478 2590 608 2654 93-98

352 2696 429 2761 haec
452 2716 523 2760 cum
547 2695 681 2760 femineo
706 2695 848 2761 const'tit
870 2697 903 2760 in
928 2697 1030 2781 choro,

352 2804 446 2868 unius
471 2803 567 2868 facies
590 2803 745 2885 praenitet
769 2803 923 2868 omnibus.

353 2911 398 2975 sic
422 2931 493 2975 cum
518 2909 581 2975 sole
605 2910 687 2993 perit
710 2910 850 2975 sidereus
876 2911 977 2991 decor,

353 3017 384 3082 et
408 3017 497 3082 densi
521 3017 648 3082 latitant
671 3017 839 3083 Pleiadum
863 3036 975 3100 greges

353 3144 425 3189 cum
448 3125 574 3190 Phoebe
599 3125 736 3190 solidum
759 3124 879 3190 lumine
903 3145 965 3190 non
989 3145 1045 3191 sno

353 3234 458 3298 orbem
483 3231 623 3297 circuitis
648 3233 793 3299 cornibus
819 3233 946 3314 alligat3

281 3376 438 3442 antecedit
461 3375 564 3458 Scipio
588 3376 735 3440 Hannoni
759 3376 813 3460 (cf.
840 3375 941 3456 Atlas
966 3376 1070 3456 Nilus,
1097 3374 1250 3458 Oceanus,
1275 3375 1337 3460 sol)

282 3483 338 3549 Sil.
363 3484 442 3549 Pun.
459 3483 532 3548 XVI
557 3485 687 3549 35-37
698 3512 705 3566 ;

283 3607 329 3673 ita
351 3608 477 3691 fulgent
500 3608 600 3673 crines
625 3608 727 3692 Hylae
750 3611 786 3673 ut
802 3629 918 3693 aequor
940 3609 1016 3673 luna
1040 3607 1260 3673 collustratum
1283 3607 1339 3691 (cf.
1357 3605 1418 3690 sol)

281 3714 350 3780 Val.
376 3716 478 3779 Ilaec.
503 3714 580 3798 Arg.
598 3716 645 3780 III
670 3718 844 3782 558—559

353 3825 464 3905 stagna
488 3841 567 3905 vaga
591 3843 647 3888 ceu
671 3825 740 3888 luce
763 3823 891 3904 micant,
916 3823 972 3889 ubi
996 3822 1131 3907 Cynthia
1155 3822 1239 3887 caelo

351 3929 504 4012 prospicit
527 3931 581 3993 aut
604 3930 703 3994 medii
726 3930 842 3995 transit
865 3933 933 3995 rota
957 3930 1091 3995 candida
1113 3929 1251 4008 Phoebi3

284 4072 859 4158 wmwmmfflffl
974 4159 975 4164 ἵ

280 4179 350 4244 Seu.
375 4182 466 4246 Herc.
492 4180 561 4246 Oet.
580 4182 675 4246 238-
691 4183 753 4246 239

351 4308 383 4370 et
405 4305 497 4370 fulsit
519 4304 584 4370 Iole
608 4304 711 4387 qualis
734 4305 862 4370 innubis
887 4306 954 4371 dies

350 4413 477 4496 purisve
501 4414 621 4478 clarum
645 4414 789 4479 noctibus
815 4413 902 4477 sidus
925 4413 1032 4478 micat.

188 4575 402 4586 ——n-——-

278 4680 300 4749 1)
319 4679 376 4735 Hor
398 4681 523 4739 ‚carmi
544 4680 585 4748 12,
603 4681 637 4734 46
657 4679 763 4734 confert
781 4679 845 4735 Leo.
