3522 5298
937 359 979 426 78

432 571 509 638 Stat.
534 571 611 638 silv.
627 571 675 637 III
697 573 729 653 3,
747 569 930 640 ‘12741'30

504 732 512 747 .
538 730 545 744 .
569 678 777 762 florentesque
800 699 896 745 mann
920 680 1015 746 aoidit
1038 679 1173 764 Atropos
1197 701 1311 762 annos3

503 785 610 870 qualia
633 785 789 869 pallentes
815 786 975 853 declinant
999 787 1068 853 lilia
1092 789 1212 855 oulmos

502 895 718 979 pubentesque
741 912 830 959 rosae
844 893 963 976 primos
981 895 1162 960 moriuntur
1177 897 1216 960 ad
1234 897 1356 961 austros

410 1049 412 1054 -
501 1003 557 1066 aut
579 1001 634 1068 ubi
657 1019 751 1066 verna
775 1000 863 1066 novis
887 1001 1009 1084 expirat
1030 1021 1171 1086 purpura
1193 1003 1302 1085 pratis,

863 1213 1054 1286 frondes.

430 1342 642 1408 Multitudo
665 1341 722 1426 (of.
746 1341 823 1422 aris,
847 1339 915 1423 flos,
939 1359 987 1406 res
1011 1340 1204 1426 maritimae)

431 1450 501 1517 Sen.
528 1448 605 1514 Oed.
630 1450 822 1527 600-6073

431 1573 500 1640 Val.
525 1573 627 1638 liaeo.
652 1572 729 1656 Arg.
747 1573 791 1639 VI
816 1575 1011 1639 163—167.⁴

883 1784 1036 1856 Litium.

407 1912 547 1980 'deuio‘
565 1911 722 1983 evanescit
745 1911 946 1996 pulchritudo
970 1912 1108 1995 corporis

432 2021 502 2087 Son.
527 2021 645 2086 Phaed.
664 2022 838 2085 764-772

501 2147 563 2193 non
588 2128 633 2192 sio
657 2130 748 2212 prata
770 2146 849 2193 novo
871 2145 944 2193 vere
967 2127 1110 2193 demntia

502 2235 630 2300 aestatis
655 2235 775 2300 oalidae
799 2231 956 2318 despoliat
977 2252 1083 2317 vapor,

501 2342 601 2408 saevit
624 2342 760 2408 solstitio
784 2361 854 2406 oum
879 2341 1002 2408 medius
1026 2341 1093 2408 dies

502 2451 533 2514 et
554 2451 660 2516 noctes
683 2448 832 2515 brevibus
856 2448 1067 2532 praecipitant
1088 2447 1182 2530 rotia3

501 2557 712 2639 languescunt
735 2556 810 2621 folio
835 2557 870 2620 ut
893 2555 963 2620 lilia
986 2555 1117 2638 pallido,
1233 2540 1235 2546 ’

501 2665 532 2728 et
555 2665 662 2745 gratae
686 2662 783 2746 capiti
807 2662 958 2728 deficiunt
982 2681 1087 2728 oomae

501 2773 532 2835 et
554 2771 661 2852 fulgor
682 2770 799 2835 teneris
824 2769 879 2852 qni
902 2770 1005 2834 radiat
1027 2769 1117 2851 genis

419 2968 421 2974 ,
455 2949 457 2954 ,
491 2879 656 2972 ¹momento
680 2876 803 2960 rapitur
825 2875 977 2959 nullaque
999 2897 1062 2942 non
1086 2877 1152 2941 dies

500 2983 651 3049 formonsi
675 2984 813 3068 spolium
837 2984 974 3066 corporis
998 2983 1146 3064 abstulit3

427 3129 524 3176 mors
549 3110 604 3194 (of.
628 3110 696 3193 flor,
719 3109 805 3193 rosa)

428 3216 508 3283 Stat.
524 3216 600 3283 silv.
617 3216 664 3280 ΙΙΙ
681 3218 712 3301 3,
737 3218 925 3298 lar-*1303

427 3341 637 3407 inscientia
649 3365 657 3406 ι

426 3449 575 3515 innocens
599 3451 631 3515 et
653 3448 801 3533 imperita
823 3448 901 3514 mali
923 3448 1023 3514 futuri
1047 3449 1158 3516 Medea
1181 3449 1229 3515 es'o

427 3555 497 3621 Val.
523 3556 625 3621 Flaoc.
650 3556 727 3640 Arg.
744 3555 789 3620 Vl
811 3557 989 3623 492-494
1239 3625 1243 3631 ,

498 3662 569 3729 lilia
592 3683 648 3747 per
668 3683 780 3729 vernos
803 3663 911 3728 lucent
934 3663 1022 3728 velut
1044 3662 1116 3742 alba
1140 3663 1256 3730 colores

498 3770 675 3855 praecipue,
700 3771 771 3855 quis
799 3771 865 3834 rita
887 3770 990 3836 brevis
1014 3772 1162 3853 totusque
1184 3789 1352 3853 parumper

497 3877 587 3942 floret
611 3877 709 3942 honor
732 3877 829 3942 fuscia
854 3879 885 3942 et
907 3878 971 3942 iam
996 3880 1088 3943 notus
1112 3877 1257 3942 imminet
1280 3877 1350 3944 alio.

895 4090 1008 4163 Olea.

427 4217 526 4282 Mors
551 4217 749 4299 praematura
771 4216 894 4283 iuvenis
919 4236 991 4281 oum
1014 4217 1082 4282 olea
1106 4217 1304 4300 eomparatur

427 4323 497 4389 Val.
523 4323 625 4389 Flaoo.
649 4323 726 4408 Arg.
744 4323 788 4388 Vl
812 4326 987 4390 707-716

497 4431 565 4514 ipse
589 4449 666 4513 puer
689 4430 786 4496 fracto
810 4450 944 4514 pronum
961 4432 1056 4513 caput
1075 4430 1222 4515 implicat
1243 4450 1327 4495 arou.

498 4536 651 4622 sanguine
674 4538 757 4637 tuno·
774 4540 841 4603 atro
865 4538 1006 4622 chlamys
1029 4538 1132 4621 ignea,
1158 4537 1311 4621 sanguine
1335 4537 1441 4603 vultus
