3522 5298
903 410 1025 510 24ω

816 501 999 510 naun—n*-

396 622 475 689 stat.
501 622 609 688 surr
634 625 664 706 4,
691 626 866 687 112-114

791 798 798 812 .
824 799 831 813 .
858 799 865 813 .
889 747 984 812 citius
1008 767 1070 812 non
1094 748 1160 811 erte
1183 746 1318 813 reiectus

467 853 626 936 Telephus
635 854 819 937 Haemonia,
831 874 888 920 neo
899 873 979 938 quae
987 852 1157 919 metuentis
1167 853 1302 918 Atridae

469 980 560 1026 saeve
595 961 778 1026 Machaonio
812 961 953 1028 coierunt
976 961 1106 1026 vulnere
1130 981 1213 1027 suco.

858 1209 998 1280 Midas.

400 1334 566 1400 Divitiis
590 1336 734 1401 maximis
751 1335 890 1402 Manlius
906 1336 1071 1420 Vopiscus,
1096 1339 1132 1402 ut
1147 1338 1196 1402 est
1211 1336 1260 1402 vir
1275 1336 1392 1402 summi
1407 1334 1538 1417 ingenii,

313 1441 428 1524 dignus
454 1443 503 1506 est
526 1441 580 1526 (ol.
606 1442 754 1527 Croesus)

403 1565 481 1632 Stet.
506 1565 616 1631 Silvl
640 1569 670 1650 3,
697 1568 759 1634 105

475 1691 571 1772 digne
594 1691 699 1757 Midae
724 1691 892 1780 Croesique
915 1693 1004 1758 bonis
1029 1694 1059 1757 et
1082 1693 1211 1759 Perside
1234 1713 1326 1775 garc3

403 1815 530 1881 divitior
553 1816 641 1880 Mida
664 1818 712 1881 est
733 1816 857 1882 Pollius
881 1817 968 1904 Felix
990 1819 1045 1903 (cl.
1071 1818 1219 1904 Croesus)

403 1922 482 1990 Stet.
507 1922 584 1989 Silv.
600 1924 633 1988 Π
657 1927 687 2007 2,
715 1927 773 1990 121

476 2047 556 2131 vive,
580 2048 686 2114 Midae
710 2049 796 2132 gazis
821 2052 851 2114 et
874 2051 960 2134 Lydo
985 2051 1080 2117 ditior
1104 2072 1188 2117 euro.

855 2275 1010 2378 Mimasss

408 2430 601 2495 Atrocitas
627 2433 711 2498 Grixi
735 2454 806 2500 curn
831 2435 981 2499 Mimante
1005 2435 1166 2500 confertur

409 2536 465 2602 Sil.
490 2536 573 2602 Pun.
591 2539 635 2604 IV
659 2541 834 2606 275-276

481 2664 617 2748 quantus
641 2664 826 2747 Phlegraeis
850 2666 988 2731 Telluris
1014 2666 1160 2732 alumnus
1185 2666 1219 2730 in
1249 2666 1331 2731 srvis

480 2771 578 2835 movit
602 2771 694 2860 signa
717 2773 831 2838 Mimas
848 2774 1033 2857 caelumque
1049 2773 1200 2840 exterruit
1223 2773 1330 2839 ermis.

877 3002 1023 3075 Minos.

410 3128 573 3194 Vanitcs
611 3131 845 3196 contentionum
880 3132 911 3196 et
942 3132 975 3197 in
1007 3133 1118 3198 Issone
1152 3134 1184 3198 et
1214 3131 1248 3196 in
1271 3129 1412 3196 Daedalo
1442 3145 1549 3209 perse·

323 3236 456 3320 quendis
480 3236 664 3328 depingitur

413 3361 483 3427 Val.
508 3361 610 3427 Flaco.
634 3360 711 3445 Arg.
729 3363 744 3427 I
765 3365 940 3430 von-708

486 3487 587 3551 saevit
610 3487 696 3552 atrox
719 3487 824 3553 Pelias
853 3489 1045 3573 inimicaque
1067 3487 1184 3552 vertice
1209 3489 1246 3558 ab
1272 3483 1336 3549 alto

487 3593 555 3659 vela
579 3595 665 3659 videt
687 3614 744 3660 nec
768 3615 830 3679 qua
851 3615 884 3661 se
909 3596 1020 3660 ardeus
1045 3594 1203 3659 effundere
1226 3591 1336 3676 possit.
1384 3596 1385 3600 ’

485 3700 571 3765 haud
596 3721 684 3766 secus
709 3703 849 3767 aerisona
871 3702 998 3766 volucer
1022 3720 1094 3765 cum
1116 3699 1276 3764 Daedalus
1301 3719 1354 3764 ora

488 3808 636 3890 prosiluit
658 3809 807 3892 iuxtaque
830 3828 932 3873 comes
956 3807 1150 3873 brevioribus
1175 3807 1233 3871 alis

486 3917 571 3981 nube
594 3934 674 3981 nova
696 3915 860 3999 linquente
884 3915 990 3979 domos
1015 3913 1134 3980 Minoia
1157 3914 1276 3978 frustra

488 4022 652 4087 infremuit
676 4040 786 4086 manus
811 4025 842 4087 et
865 4023 936 4087 visu
963 4021 1101 4088 lassetur
1123 4021 1211 4086 inani
1318 4099 1322 4105 .
1383 4096 1389 4106 ,

490 4131 591 4195 omnis
616 4148 710 4214 eques
735 4129 900 4213 plenisque
922 4129 1006 4194 redit
1021 4128 1159 4213 Gortyna
1171 4126 1339 4210 pharetris.

832 4349 1054 4422 Narcissus.

419 4478 678 4546 Pulchritudo
702 4479 757 4563 (cf.
782 4477 880 4561 Attis,
904 4477 1090 4562 Endymion,
1115 4477 1230 4563 Hyles)
1294 4515 1297 4520 -

422 4589 499 4656 stat.
525 4587 600 4653 silv.
618 4587 665 4656 ΙΠ
688 4591 719 4670 4,
734 4588 874 4655 40-43.
