3522 5298
929 359 970 422 62

498 571 656 655 erexitque
678 572 770 637 iubas
793 574 825 637 et
847 573 935 637 uasto
958 577 1102 640 murmur
1124 572 1214 638 hiatu

497 679 671 762 infremuit,
695 681 774 763 tum,
797 680 880 745 torta
904 678 982 744 levis
1007 678 1034 743 si
1058 678 1168 744 lancea
1190 680 1295 744 Mauri
1405 738 1409 744 .

499 786 626 852 haereat
649 787 704 850 aut
726 785 828 852 latum
853 788 987 852 subeant
1008 787 1164 852 venabula
1187 787 1307 869 pectus,
1371 843 1376 852 .
1405 843 1410 853 .

497 912 555 975 per
578 893 697 958 ferrum
720 893 800 957 tenti
825 913 952 959 securus
978 892 1113 958 volneris
1139 894 1217 972 erit;

427 1036 581 1120 ignavia
612 1035 771 1116 perterriti
802 1036 918 1116 hortae,
953 1035 1007 1119 qui
1032 1035 1181 1101 Catonem
1212 1035 1404 1119 opprimunt,
1427 1035 1564 1100 Paulum

337 1144 389 1209 illi
413 1143 648 1208 subvenientem
671 1142 801 1225 fugiunt
824 1142 879 1228 (ef.
903 1142 1043 1225 uenatio)

429 1249 485 1317 Sil.
509 1249 638 1315 PunX
664 1251 793 1316 18-24

758 1407 764 1422 .
792 1407 798 1420 .
825 1409 831 1421 .
856 1359 902 1438 ut,
927 1356 1028 1422 laetus
1052 1357 1136 1422 valle
1158 1359 1276 1422 remota

499 1485 570 1530 cunr
594 1483 738 1547 capream
753 1465 882 1528 venator
898 1464 966 1545 agit
982 1464 1160 1548 fessamque
1177 1465 1352 1548 propinquo
1455 1501 1458 1511 =

497 1571 676 1656 insequitur
700 1589 794 1635 cursu
817 1573 848 1635 et
871 1572 978 1653 sperat
999 1571 1063 1636 iam
1087 1574 1217 1655 tangere
1234 1572 1350 1650 derbe,
1410 1601 1413 1608 ·

498 1679 526 1743 si
549 1678 634 1744 ferus
659 1679 788 1743 adverso
812 1678 953 1743 subitum
977 1697 1010 1743 se
1034 1671 1167 1762 protulit
1191 1680 1279 1744 antro
1313 1721 1316 1728 -

499 1788 530 1850 et
554 1785 643 1851 stetit
666 1787 738 1850 ante
761 1785 867 1850 oculos
891 1785 1038 1850 frendens
1063 1786 1126 1851 leo:
1152 1777 1269 1850 deserit
1291 1803 1354 1850 una

499 1895 530 1958 et
554 1890 637 1958 color
660 1895 692 1958 et
716 1892 845 1974 sanguis
869 1894 902 1957 et
924 1891 988 1957 tela
1010 1892 1132 1957 minora
1155 1892 1272 1976 periclo

502 2019 559 2065 nec
582 1999 646 2063 iam
670 2001 812 2081 speratae
838 2017 915 2063 cura
930 1985 986 2063 'cst
1008 1999 1040 2063 in
1065 2001 1189 2081 pectore
1205 1999 1352 2082 praedae3

426 2143 483 2208 ira
507 2162 655 2208 accensus
687 2142 778 2208 vultu
808 2142 926 2207 minaci
949 2143 1064 2225 aspicit
1088 2143 1181 2224 Mago
1204 2141 1345 2225 Appium
1366 2141 1488 2208 viribus
1512 2159 1564 2205 ex-

340 2249 508 2316 callentem

428 2356 485 2424 Sil.
509 2356 635 2422 Pun.V
659 2359 833 2423 309-315

499 2465 584 2528 haud
608 2483 696 2529 secus
721 2483 738 2528 e
761 2463 889 2546 specula
913 2483 1060 2547 praeceps
1086 2464 1208 2529 delatus
1234 2483 1332 2546 opaca

500 2571 666 2637 subsidens
691 2590 798 2654 campo
823 2571 1007 2636 summissos
1032 2571 1189 2636 contrahit
1211 2573 1308 2653 artae,

500 2699 572 2744 cum
595 2678 698 2770 vicina
721 2678 819 2743 trucis
844 2677 1005 2760 conspexit
1028 2697 1143 2742 cornua
1165 2677 1259 2760 tauri,
1289 2715 1292 2720 -

500 2786 643 2871 quamvis
668 2786 763 2868 longa
786 2785 883 2850 fames
909 2785 1062 2867 stimulet,
1086 2785 1150 2865 leo;
1180 2805 1264 2849 nunc
1287 2785 1372 2850 ferus
1397 2784 1461 2848 alta

501 2893 660 2974 surgentis
685 2892 804 2958 cervice
826 2893 922 2975 toros,
945 2912 1029 2957 nunc
1052 2894 1140 2956 torve
1164 2895 1222 2959 sub
1246 2892 1331 2957 hirta

501 2999 622 3065 lumina
645 2999 778 3066 miratur
800 2999 902 3064 fronte
926 3018 962 3064 ac
984 2999 1048 3064 iam
1065 3001 1156 3082 signa
1178 3000 1355 3064 moventem

500 3108 532 3172 et
555 3125 663 3190 sparsa
687 3126 810 3191 pugnas
834 3105 1040 3171 meditantem
1064 3107 1337 3187 spectatbarena3

429 3250 648 3316 constantia
672 3269 795 3315 summa
817 3251 932 3314 vulnus
958 3249 1119 3316 letiferum
1142 3226 1203 3315 lert
1226 3249 1345 3314 Paulus

429 3357 485 3422 Sil.
510 3357 638 3422 PunX
662 3359 837 3422 adl-246

498 3464 646 3528 immanis
671 3483 728 3530 ceu
752 3463 893 3547 depulsis
918 3463 1087 3530 levioribus
1112 3464 1211 3528 hastis

500 3571 621 3655 accepit
644 3571 692 3636 leo
717 3591 788 3636 cum
811 3572 939 3637 tandem
963 3591 1018 3654 per
1041 3573 1166 3653 pectora
1189 3571 1319 3654 ferrum,

500 3681 563 3742 stat
585 3677 642 3743 teli
664 3678 787 3761 patiens
812 3678 916 3742 media
939 3677 1165 3744 tremebundus
1190 3678 1307 3742 harena
1409 3698 1412 3704 ’

499 3805 535 3850 ac
558 3788 704 3850 manante
727 3785 811 3849 iubis
835 3785 981 3868 rictuque
1004 3787 1035 3849 et
1058 3785 1187 3850 naribus
1211 3786 1316 3849 unda'

501 3892 675 3975 sanguinis,
700 3893 860 3956 interdum
882 3892 1069 3974 languentia
1091 3911 1253 3956 murmura
1276 3894 1436 3975 torquens,

500 3999 634 4065 effundit
656 3998 765 4084 patulo
789 4001 988 4081 spumantem
1012 4018 1047 4064 er
1071 4017 1122 4064 ore
1146 4018 1301 4078 cruorem;

430 4122 657 4189 lamentatio
680 4125 809 4189 Medeae
838 4144 910 4189 cum
938 4123 1036 4189 leonis
1066 4123 1224 4189 confertur
1247 4125 1302 4208 (cf.
1327 4125 1432 4205 lupus,
1461 4124 1565 4208 vacca)

430 4231 500 4296 Val.
525 4230 626 4296 Flacc.
644 4230 722 4314 Arg.
738 4230 815 4296 VIII
838 4233 933 4296 453-
949 4233 1012 4296 457

876 4390 883 4404 .
908 4390 915 4403 .
942 4390 949 4404 .
974 4340 1049 4403 tunc
1072 4339 1138 4404 tota
1161 4337 1310 4421 querellis

502 4445 641 4527 egeritur
665 4448 840 4529 questuque
865 4446 942 4526 dies,
967 4446 1138 4528 eademque
1163 4447 1220 4509 sub
1246 4445 1338 4509 astris

501 4554 568 4617 sola
591 4554 703 4634 movet,
728 4554 856 4618 maestis
881 4553 979 4618 veluti
1003 4573 1061 4617 nox
1084 4553 1141 4618 illa
1166 4553 1289 4618 sonaret
1346 4587 1348 4594 >
