3522 5298
914 390 955 454 52

407 599 483 665 Stat.
507 600 606 666 Theb.
621 599 668 664 IV
691 602 867 668 811-814

478 758 484 773 .
511 759 517 772 .
544 759 551 773 .
576 709 753 792 longusque
776 708 879 773 virum
904 727 999 793 super
1021 727 1075 774 ora
1099 710 1239 774 cucurrit

476 815 594 879 clamor
618 816 753 898 ‚aquae‘l
779 815 825 880 sic
847 815 1009 881 Ambracii
1034 835 1089 898 per
1111 817 1204 882 litora
1227 818 1321 900 ponti.

475 921 620 986 nauticus
642 921 677 986 in
693 922 786 986 ramis
804 923 952 987 iuvenum
967 925 1161 988 monstrante
1176 924 1329 1006 magistro

474 1028 512 1092 fit
535 1047 628 1093 sonus
652 1028 749 1113 inque
765 1028 865 1094 ricem
880 1032 988 1095 contra
1004 1048 1152 1112 percussa
1167 1030 1318 1096 reclamat

477 1137 569 1200 terra.

867 1275 995 1358 Nesis.

407 1402 508 1467 Odor
530 1403 585 1486 (cf.
609 1403 791 1486 Typhoeus)

403 1509 478 1574 Luc.
502 1509 614 1575 Pharo.
630 1509 675 1573 VI
699 1512 843 1575 89-92.

870 1703 993 1774 Nilus.

402 1833 630 1915 Magnitudo
654 1832 709 1916 (of.
734 1830 836 1913 Atlas,
861 1829 1014 1912 Oceanus
1039 1830 1124 1912 luna,
1150 1831 1212 1916 sol)

402 1939 457 2005 Sil.
483 1940 562 2005 Pun.
581 1939 654 2002 XVI
679 1940 820 2004 35-37.
911 1945 912 1950 ’

823 2132 1024 2204 Oceanus.

400 2260 628 2343 Magnitudo
653 2261 707 2346 (cl.
733 2259 834 2340 Allato,
858 2260 963 2340 Nilne,
988 2259 1072 2338 luna,
1098 2259 1160 2342 sol)

400 2367 457 2432 Sil.
482 2368 562 2432 Pun.
581 2367 654 2431 XVI
678 2369 818 2432 35-37.

857 2578 1001 2648 Padus.

398 2705 550 2770 Effusio
572 2693 726 2770 exercitus
751 2726 823 2770 cum
844 2706 975 2771 flumine
999 2705 1158 2771 confertur

398 2813 472 2877 Luc.
498 2812 608 2877 Pharo.
627 2812 672 2876 VI
696 2815 880 2879 ara-278*

469 2918 514 2984 sio
536 2921 630 3001 pleno
654 2919 759 2984 Padus
785 2939 835 2984 ore
851 2921 975 2984 tumens
998 2939 1092 3002 super
1107 2939 1222 3002 aggere
1238 2920 1322 2984 tutas

468 3027 603 3091 excurrit
625 3025 711 3110 ripas
737 3028 767 3091 et
791 3028 871 3091 totos
897 3026 1037 3091 concutit
1059 3045 1162 3110 agros,

468 3133 635 3199 succubuit
658 3134 685 3198 si
710 3153 771 3216 qua
794 3133 889 3198 tellus
915 3134 1142 3218 cumulumque
1166 3134 1322 3199 furentem

466 3241 621 3304 undarum
645 3260 707 3305 non
731 3260 824 3322 passa
846 3239 920 3321 ruit,
944 3241 1013 3306 tum
1037 3239 1167 3305 flumine
1190 3241 1255 3305 toto

466 3347 581 3411 transit
604 3348 635 3411 et
656 3347 780 3431 ignotos
814 3347 917 3430 aperit
940 3347 1001 3412 sibi
1026 3347 1153 3430 gurgite
1177 3367 1319 3433 campos;

332 3465 335 3472 ’
374 3459 389 3466 ”
465 3453 537 3518 illos
562 3456 645 3518 terra
668 3454 753 3536 fugit
776 3453 927 3536 dominos
951 3453 1001 3518 his
1025 3472 1098 3518 rura
1123 3453 1240 3520 colonis

465 3563 618 3626 accedunt
642 3562 776 3627 donante
799 3561 895 3626 Pado.

854 3772 990 3843 Parus.

395 3889 597 3981 Sp'l'e‘ndori
620 3899 784 3964 marmoris
809 3900 942 3964 candida
966 3900 1046 3964 cutis
1070 3899 1237 3982 Hippolyti
1260 3918 1321 3963 non
1346 3901 1429 3966 cedit

394 4006 463 4072 San.
489 4007 605 4072 Phaed.
632 4009 694 4071 797

463 4113 582 4178 lucebit
604 4113 697 4178 Pario
721 4133 874 4179 marmore
899 4115 1025 4180 clarius.

726 4375 729 4382 ι
767 4333 771 4338 ’
832 4327 1011 4398 Pelorus.
1051 4285 1071 4419 y*

325 4512 369 4548 o„-
385 4453 610 4548 1111611111]
643 4492 684 4540 ᾗ
714 4455 978 4549 388911111111
1009 4453 1139 4522 Caesare
1170 4453 1272 4518 iactus
1308 4454 1356 4519 est
1393 4489 1433 4502 -·
1469 4474 1530 4520 non

304 4541 517 4644 oogfioscilur‘
531 4547 663 4625 initioa
687 4539 845 4643 Pompeio,
872 4561 925 4643 qui
950 4547 1043 4645 longe
1058 4553 1156 4626 'abest
1179 4554 1233 4645 (o'f.
1257 4556 1431 4644 Rutupiae)
