3522 5298
945 407 964 468 6

892 617 1011 686 hiare.

427 741 561 807 Facies
586 741 760 807 Domitiani
784 741 954 824 equitantis
978 742 1074 808 Marti
1097 761 1155 826 par
1177 745 1226 808 est

429 866 508 932 sue.
533 865 609 931 silv.
627 865 642 929 r
662 869 689 948 r,
709 867 837 930 18-19

501 1042 508 1056 .
535 1043 542 1056 .
567 990 725 1056 exhaustis
749 991 884 1056 Martem
907 1011 969 1057 non
993 991 1089 1057 altius
1114 993 1210 1057 armis

499 1097 661 1163 Bistonius
686 1099 789 1181 portat
812 1098 936 1181 sonipes
961 1145 969 1161 .
995 1150 1002 1163 .
1029 1126 1055 1177 .;

428 1223 612 1288 maiestas
636 1223 692 1307 (of.
709 1223 862 1306 Bacchus
886 1223 1038 1307 Iuppiter,
1062 1224 1187 1309 Pollux,
1210 1226 1379 1300 Hercules)

429 1329 507 1396 Stat.
532 1330 609 1396 silv.
626 1331 670 1395 IV
687 1333 717 1411 2,
742 1333 888 1412 46-563

427 1455 558 1520 inians
583 1455 638 1540 (oi.
655 1455 781 1538 Apollo,
805 1456 997 1541 Mercurius)

428 1562 507 1628 Stat.
530 1563 628 1628 Theb.
645 1561 689 1626 IV
713 1564 904 1643 uer-8033

428 1687 525 1751 Mars
561 1687 728 1770 belliger
762 1688 882 1752 viribus
923 1689 1060 1770 eorporis
1096 1690 1306 1773 Hippolytum
1340 1709 1401 1755 non
1441 1691 1569 1773 superat

339 1795 394 1879 (of.
421 1793 540 1878 Castor,
564 1794 688 1877 Pollux,
711 1793 880 1880 Hercules)
1739 1829 1740 1922 p

429 1919 498 1985 Sen.
523 1918 640 1985 Phaed.
666 1922 838 1986 804-811

501 2095 508 2109 .
534 2095 541 2109 .
567 2096 574 2109 .
598 2045 635 2108 tu
658 2044 734 2110 lieet
756 2064 881 2128 asperos

498 2171 720 2236 pugnacesque
744 2151 817 2218 deos
841 2153 962 2218 viribus
987 2153 1103 2218 audeas

500 2259 531 2323 et
553 2258 634 2322 vasti
660 2258 761 2341 spatio
784 2259 907 2324 vincere
932 2260 1084 2342 eorporis:

500 2384 614 2448 aequas
639 2364 810 2430 Herculeos
833 2385 907 2430 nam
930 2366 1053 2431 iuvenis
1078 2369 1172 2449 toros,

500 2473 612 2536 Martis
637 2471 784 2556 belligeri
808 2475 931 2556 pectore
956 2473 1058 2539 latior.

500 2578 528 2643 si
553 2578 643 2644 dorso
667 2578 765 2643 libeat
788 2579 964 2662 cornipedis
988 2580 1070 2662 vehi,

499 2685 598 2750 frenis
624 2685 771 2752 Castorea
794 2685 941 2751 mobilior
964 2707 1061 2752 manu

501 2792 690 2876 Spartanum
713 2792 830 2876 poteris
854 2794 978 2860 tleetere
1003 2793 1165 2879 Cyllaron3

430 2953 544 3018 Caesar
577 2972 722 3036 pugnans
758 2952 941 3037 animosque
977 2955 1118 3021 omnium
1152 2976 1280 3022 snorum
1314 2956 1453 3022 incitans
1485 2955 1571 3020 inter

345 3062 449 3126 hostes
475 3061 605 3142 vagetur
629 3060 683 3144 (oi.
708 3055 854 3145 Bellona)

433 3185 507 3249 Luo.
532 3185 643 3250 Phars.
661 3185 720 3250 VH
745 3186 921 3252 568-er

502 3310 711 3392 sanguineum
740 3311 839 3376 veluti
869 3312 1013 3395 quatiens
1038 3311 1169 3377 Bellona
1192 3309 1357 3394 flagellum

502 3416 648 3481 Bistonas
673 3420 728 3483 aut
750 3419 874 3483 Mavors
898 3418 1034 3500 agitans,
1063 3418 1090 3482 si
1114 3417 1241 3482 verbere
1265 3433 1357 3480 saevo

502 3524 648 3588 Palladia
672 3525 816 3590 stimulet
839 3526 980 3590 turbatos
1005 3523 1115 3605 aegide
1139 3539 1265 3601 ourrus3

432 3667 536 3752 Scipio
560 3667 659 3733 aciem
682 3687 887 3750 perrumpens
913 3667 1038 3730 eaedem
1063 3663 1379 3746 Carthaginiensibus
1402 3664 1493 3747 parat

431 3793 487 3859 Sil.
512 3793 593 3857 Pun.
610 3792 701 3857 XVII
725 3792 900 3856 486-490

505 3919 574 4001 ipse
598 3936 692 4000 super
716 3918 836 3997 strages
861 3915 972 3978 duotor
994 3913 1164 3980 Rhoeteius
1189 3914 1300 3980 instat.

503 4025 607 4109 qualis
621 4022 704 4105 apud
718 4021 860 4104 gelidum
874 4040 983 4088 currus
996 4022 1099 4105 quatit
1112 4021 1205 4087 altior
1217 4023 1359 4088 Hebrum

504 4132 536 4196 et
560 4129 684 4194 Getieas
709 4127 803 4193 solvit
826 4129 959 4194 ferventi
983 4128 1136 4212 sanguine
1160 4129 1283 4194 Mavors

504 4237 604 4302 laetus
615 4235 708 4300 oaede
718 4235 817 4318 nives,
827 4236 1023 4320 glaciemque
1031 4235 1243 4320 Aquilonibus
1258 4238 1361 4301 aotam

504 4342 681 4427 perrumpit
704 4342 841 4409 stridens
870 4346 928 4409 suh
952 4343 1089 4426 pondere
1112 4343 1248 4426 belliger
1271 4343 1352 4424 axis3

432 4468 564 4533 labore
597 4466 763 4550 defatigati
796 4470 827 4536 et
861 4468 951 4538 Iason
987 4469 1018 4535 et
1049 4469 1133 4536 Mars
1165 4468 1199 4532 in
1228 4467 1360 4535 fluvium
1384 4485 1417 4532 se
1440 4466 1577 4535 iuieiunt

339 4569 395 4656 (el.
424 4574 468 4658 Gy
478 4575 580 4663 elops)
