3522 5298
818 469 858 534 87

685 682 793 769 Hyas
817 684 857 752 et
882 679 998 750 Plias.

316 807 452 873 Imbris
477 807 577 872 instar
599 807 733 872 bellaria
756 807 874 874 cadunt
896 807 928 871 in
954 809 1099 874 cenantes

318 915 394 998 Stat.
419 915 528 996 Silvi
553 916 582 996 6,
610 915 738 980 17-22

387 1021 498 1087 molles
523 1021 638 1087 caseoli
661 1021 886 1106 lucunculiquo

387 1131 419 1194 et
441 1129 554 1194 massis
578 1129 726 1194 Amerina
749 1149 811 1194 non
834 1130 971 1212 perustis

388 1240 419 1302 et
441 1237 619 1301 mustaceus
644 1236 675 1300 et
697 1235 815 1302 latente
838 1236 943 1318 palma

388 1345 573 1427 praegnates
597 1343 771 1428 caryotides
795 1343 956 1409 cadebant.

388 1471 450 1516 non
473 1451 570 1516 tantis
593 1451 678 1534 Hyas
702 1450 847 1516 inserena
868 1450 986 1516 nimbis

387 1560 486 1624 terras
511 1558 615 1624 obruit
638 1559 694 1623 aut
717 1557 820 1623 soluta
842 1558 940 1624 Plias.

685 1770 946 1841 ichneumon.

317 1899 410 1965 Dolo
434 1897 604 1981 perniciem
628 1898 720 1981 parat
742 1896 886 1964 hostibus
911 1898 990 1963 Iuba

316 2007 392 2071 Luc.
416 2006 526 2070 Phars.
543 2005 588 2069 IV
613 2007 787 2071 rae-729

387 2112 524 2196 Aspidas
548 2113 585 2177 ut
607 2111 739 2177 Pharias
764 2111 863 2176 cauda
887 2111 1044 2176 sollertior
1065 2111 1165 2176 hostis

389 2219 472 2285 ludit
495 2221 526 2284 et
549 2219 644 2284 iratas
668 2219 787 2283 incerta
811 2221 958 2301 provocat
980 2221 1097 2284 umbra

389 2327 598 2410 obliquusque
623 2327 716 2409 caput
739 2345 834 2390 ranas
860 2327 1013 2407 serpentis
1037 2325 1070 2390 in
1093 2344 1185 2390 auras

390 2435 506 2498 effusae
528 2435 596 2499 tuto
620 2433 816 2516 comprendit
839 2435 969 2515 guttura
991 2451 1099 2498 morsu

389 2541 545 2607 letiferam
569 2540 647 2604 citra
671 2540 804 2623 saniem3
829 2541 904 2605 tunc
927 2541 1024 2605 inrita
1047 2541 1144 2623 pestis

390 2647 585 2732 exprimitur,
609 2648 778 2730 faucesque
801 2648 904 2712 fluunt
926 2650 1077 2730 pereunte
1101 2668 1227 2714 veneno.

758 2842 875 2930 lgnls.

319 2970 450 3035 Casus:

319 3097 461 3162 celeriter
485 3097 633 3162 corruunt
656 3097 780 3161 arbores
804 3097 843 3160 ad
868 3114 979 3178 rogum
1004 3093 1249 3158 construendum

319 3203 395 3268 Stat.
420 3205 517 3269 Theb.
535 3204 579 3269 VI
605 3205 779 3269 lor-110

551 3363 558 3376 .
585 3362 591 3376 .
618 3363 625 3376 .
649 3330 711 3375 non
735 3309 781 3375 sic
804 3329 911 3375 eversa
935 3309 1078 3374 feruntur

389 3419 519 3502 Ismara,
543 3438 615 3483 cum
638 3419 738 3483 fracto
761 3418 876 3483 Boreas
901 3417 995 3499 caput
1018 3414 1130 3483 extulit
1154 3415 1254 3496 antro,

390 3545 451 3591 non
475 3527 637 3607 grassante
660 3525 740 3590 Noto
765 3524 858 3589 citius
883 3525 1034 3589 nocturna
1057 3521 1181 3606 peregit

390 3634 517 3698 flamma
539 3652 665 3715 nemus3

319 3760 427 3824 furor
450 3759 504 3844 (cf.
530 3758 641 3838 omnir,
665 3759 793 3842 ventus)

319 3865 390 3931 Seu.
408 3866 492 3932 Med.
511 3868 702 3947 ore-5903

322 3991 530 4056 dominatio
554 3991 608 4074 (cf,
633 3993 752 4071 taurus,
779 3990 940 4074 surculus)

321 4099 391 4165 Sen.
416 4098 528 4163 Troad.
554 4099 745 4177 537-5453

320 4224 512 4307 pernicies
536 4224 681 4290 omuibus
706 4220 1019 4306 Carthaginiensibus
1044 4239 1108 4284 una
1131 4237 1239 4302 pugna
1262 4216 1392 4300 paretur

320 4332 377 4397 Sil.
402 4333 482 4397 Pun.
499 4332 589 4396 XVII
614 4332 788 4398 noe-508

392 4440 478 4505 haud
502 4458 590 4505 secus
615 4459 650 4504 eo
673 4438 764 4504 tectis
791 4437 877 4503 urbis
900 4434 1056 4500 Vulcania
1079 4431 1177 4516 pestis

393 4567 464 4612 cum
489 4566 556 4612 sese
579 4546 698 4612 infudit
720 4544 912 4628 rapidusque
935 4540 1081 4607 incendia
1103 4539 1198 4604 flatus

392 4655 527 4720 ventilat
550 4657 581 4722 et
604 4653 739 4720 volucris
765 4652 887 4736 spargit
910 4670 966 4734 per
989 4647 1127 4715 culmina
1151 4646 1308 4711 flammas:
