3522 5298
291 1335 338 1405 De
369 1336 518 1423 exemplis
552 1337 899 1424 comparationibusque
929 1338 1090 1424 poetarum
1113 1336 1341 1423 Romanorum,
1373 1336 1428 1423 qui

202 1447 399 1531 imperatoris
423 1447 563 1530 Augusti
582 1467 701 1514 necnon
724 1449 932 1532 posteriorum
960 1448 1060 1512 aetate
1087 1447 1253 1528 florebant,
1285 1446 1428 1529 quamvis

202 1554 299 1619 multi
310 1553 374 1618 iam
387 1553 582 1636 scripserint,
595 1554 699 1619 tamen
712 1554 746 1618 in
759 1555 957 1636 singulorum
969 1555 1093 1618 tantum
1105 1555 1266 1636 poetarum
1279 1545 1429 1636 exemplis

204 1659 369 1726 afferendis
396 1660 648 1726 diiudicandisve
669 1661 786 1726 versati
810 1662 885 1726 sunt
908 1660 1061 1744 omuesl).
1109 1660 1169 1726 Sed
1186 1661 1321 1725 alterum
1345 1661 1429 1744 quod

205 1768 410 1850 expetendum
441 1767 522 1832 mihi
554 1767 679 1832 videtur
709 1769 768 1832 hoc
798 1769 855 1848 est,
886 1769 924 1831 ut
947 1767 1087 1831 collectis
1112 1767 1252 1831 omnium
1276 1767 1331 1850 qui
1355 1767 1430 1831 ludo

204 1874 357 1939 rhetorico
385 1874 436 1939 usi
460 1875 535 1938 suut
564 1875 714 1957 exemplis
738 1876 854 1957 pateat,
879 1893 958 1958 quae
981 1873 1082 1957 ipsius
1106 1873 1201 1938 huius
1226 1873 1295 1938 ludi
1319 1873 1429 1938 usibus

205 1980 386 2046 debeantur.
433 1981 515 2046 Nam
537 1981 583 2046 ita
607 1983 638 2046 et
661 1981 879 2065 perspicietur,
904 1979 1011 2064 qualia
1033 1981 1098 2045 fere
1122 1981 1261 2044 rhetores
1284 1980 1318 2044 in
1335 2000 1429 2044 usum

205 2087 433 2170 discipulorum
468 2089 682 2170 congesserint
716 2090 747 2154 et
783 2089 860 2172 quid
896 2087 1016 2170 singuli
1051 2107 1067 2152 a
1101 2088 1248 2152 thesauro
1284 2089 1430 2170 congesto

205 2189 465 2279 deprompserint.
514 2194 582 2274 Qua
604 2195 638 2259 in
662 2215 694 2260 re
719 2214 793 2260 sane
809 2195 965 2260 dubitatio
983 2194 1136 2277 quaedam
1152 2195 1300 2258 subnasci
1316 2195 1429 2277 potest,

206 2302 281 2386 quia
308 2302 391 2387 quod
422 2303 483 2368 duo
512 2303 657 2385 pluresve
687 2320 850 2368 commune
878 2302 995 2367 habent
1021 2301 1200 2385 exemplum
1227 2301 1324 2367 etiam
1352 2303 1432 2366 alter

205 2405 244 2474 ab
279 2410 376 2474 altero
407 2410 570 2474 mutuatus
606 2427 673 2474 esse
708 2409 819 2492 potest.
867 2408 1011 2473 Restabit
1045 2410 1150 2472 tamen
1185 2408 1261 2472 satis
1296 2427 1430 2490 magnus

206 2535 356 2580 numerus
381 2516 649 2598 comparationum
672 2537 691 2580 a
714 2515 846 2581 diversis
871 2515 1076 2598 scriptoribus
1101 2515 1315 2580 adhibitarum
1339 2535 1432 2598 quem

206 2624 407 2687 arhetcmm
436 2622 605 2706 disciplina
631 2625 794 2706 tamquam
825 2643 841 2688 e
873 2623 958 2688 fonte
990 2622 1225 2704 provenientem
1253 2622 1293 2686 ad
1325 2623 1430 2704 plures

206 2731 414 2812 propagatum
445 2749 511 2794 esse
541 2729 702 2813 probabile
736 2729 799 2795 fiet.
848 2728 917 2808 Qua
948 2728 982 2793 in
1012 2748 1046 2793 re
1077 2729 1286 2813 perquirenda
1307 2749 1375 2822 ¹non
1398 2729 1432 2793 id

207 2837 258 2918 egi
289 2839 325 2902 ut
354 2838 508 2901 tentarem
539 2837 620 2920 quod
654 2836 863 2919 complurium
892 2836 1027 2918 denique
1055 2855 1148 2918 opera
1171 2836 1336 2901 coniuncta
1364 2836 1432 2900 fieri

207 2943 322 3025 poterit
350 2943 523 3027 (imprimis
556 2943 583 3007 si
612 2945 643 3007 et
666 2943 787 3007 solutae
815 2942 963 3006 orationis
993 2942 1159 3024 scriptores
1195 2945 1226 3007 et
1259 2943 1369 3008 Graeci
1397 2946 1434 3007 ut

207 3069 263 3130 par
286 3053 335 3115 est
350 3050 598 3134 adhibebuntur)
623 3049 744 3114 scilicet
767 3051 803 3114 ut
825 3049 1007 3114 thesaurum
1024 3051 1125 3114 totum
1141 3050 1254 3114 harum
1273 3069 1433 3133 compara-

208 3156 333 3222 tionum.
362 3161 394 3223 et
416 3157 631 3241 conquirerem
659 3159 694 3222 et
719 3175 933 3239 proponerem.
982 3156 1076 3250 Volui
1099 3159 1204 3222 tamen
1228 3177 1294 3221 rem
1317 3158 1361 3221 ita
1384 3157 1433 3221 in-

209 3263 335 3345 cohare,
364 3266 401 3328 ut
429 3264 565 3329 indicem
595 3263 707 3329 saltem
735 3264 1003 3347 comparationum
1032 3264 1116 3345 apud
1143 3266 1249 3346 poetas
1274 3283 1353 3328 saec.
1371 3265 1386 3326 l
1403 3286 1433 3346 p.

209 3369 281 3436 Chr.
320 3391 351 3435 n.
391 3370 573 3437 conficerem
608 3372 702 3454 atque
732 3371 779 3434 ita
810 3370 851 3435 iis
885 3370 970 3434 viam
997 3370 1169 3450 munirem,
1199 3370 1253 3454 qui
1278 3372 1317 3434 ad
1340 3371 1435 3434 illum

210 3496 303 3560 quem
324 3497 430 3561 supra
464 3477 641 3559 significavi
668 3477 764 3542 finem
790 3478 907 3542 maiore
938 3477 1011 3541 nisu
1039 3479 1179 3559 pergent.
1228 3477 1307 3542 Sunt
1330 3478 1435 3542 autem

209 3585 317 3667 poetae
331 3604 462 3668 quorum
481 3584 726 3668 comparationes
744 3583 886 3666 congessi
904 3582 952 3648 hi:
981 3583 1106 3666 Seneca,
1123 3583 1278 3663 Lucanus,
1290 3584 1434 3648 Valerius

209 3690 350 3772 Flaccus,
375 3690 505 3772 Statius,
529 3690 627 3756 Silius
659 3690 800 3756 Italicus.
840 3690 915 3754 Adii
935 3691 1031 3754 etiam
1048 3691 1251 3773 Apollonium
1266 3691 1435 3772 Rhodium,

209 3797 345 3881 utquid
368 3816 404 3862 ex
428 3817 462 3862 eo
485 3797 630 3864 Valerius
654 3798 785 3862 Flaccus
809 3798 951 3862 hauserit
974 3818 991 3862 a
1014 3797 1137 3879 reliqua
1166 3798 1434 3880 comparationum

212 3904 299 3987 copia
324 3905 520 3988 distinguere
543 3924 677 3988 possem.

298 4011 465 4077 Materiam
492 4014 598 4078 autem
624 4014 670 4078 ita
697 4013 845 4077 tractavi:
878 4013 979 4095 capite
1010 4013 1112 4096 primo
1142 4033 1270 4094 agemus
1295 4014 1334 4078 de
1358 4013 1435 4094 deis,

210 4117 368 4202 heroibus,
397 4120 498 4184 aetate
527 4119 659 4186 heroica.
707 4120 744 4183 In
773 4139 835 4203 qua
862 4139 895 4182 re
923 4119 1039 4185 mirum
1069 4121 1118 4184 est
1140 4138 1265 4202 perraro
1290 4121 1362 4184 deos
1386 4119 1435 4183 his

211 4225 364 4290 contineri
399 4226 567 4309 exemplis:
599 4226 705 4292 inveni
740 4227 880 4310 quinque
915 4226 954 4290 ad
990 4226 1181 4310 Apollinem,
1218 4228 1366 4309 quattuor
1397 4227 1437 4290 ad

299 4419 321 4488 ¹)
341 4419 486 4492 Eppelin
508 4409 599 4488 „siber
617 4421 661 4475 die
673 4420 913 4491 Vergloichungen
932 4421 1287 4492 bciVergil“Lahr1862;
1306 4421 1436 4476 Krause

212 4507 254 4574 ‚do
276 4508 388 4580 Papinii
413 4509 497 4564 Statii
521 4526 627 4582 compp.
651 4511 745 4581 epicis‘
769 4510 836 4564 diss.
863 4512 954 4580 inaug.
975 4511 1053 4564 Halis
1077 4511 1152 4578 Sax.;
1181 4511 1375 4564 Bussenius
1395 4511 1437 4579 ,dc

211 4597 272 4653 Vel.
291 4593 387 4652 Flacci
411 4600 439 4652 in
465 4598 629 4654 adhibendis
656 4616 762 4670 compp.
782 4602 841 4653 usu‘
866 4600 932 4654 diss.
956 4601 1047 4671 inaug.
1067 4599 1124 4654 Ien.
1148 4599 1228 4666 1872;
1255 4599 1438 4653 Barchicld

213 4685 255 4752 ‚de
276 4688 509 4756 comparationum
529 4704 580 4741 usu
599 4687 671 4760 apud
691 4687 738 4742 Sil.
752 4686 890 4742 Italicum‘
910 4687 1264 4759 diss.inaug.Gott.1880.

1210 4779 1222 4828 l
