3522 5298
305 731 456 814 eruptio
481 728 614 795 duorum
636 733 799 797 taurorum
823 729 1012 798 describitur-
1037 735 1093 819 (cf.
1118 737 1246 821 ventus)

305 838 374 904 Val.
400 838 500 903 Flacc.
527 837 601 919 Arg.
620 838 681 903 VII
706 841 876 904 sor-571

375 965 411 1010 ac
432 945 521 1010 velut
544 965 578 1009 ex
601 965 664 1010 una
689 946 842 1030 siquando
866 951 949 1012 nube
973 949 1093 1013 corusci

375 1053 422 1118 ira
444 1053 526 1117 Iovis
550 1053 643 1117 torsit
666 1055 807 1137 geminos
831 1054 1018 1119 mortalibus
1043 1056 1144 1139 ignes,

375 1162 430 1224 aut
453 1160 514 1224 duo
538 1179 609 1224 com
633 1161 751 1242 pariter
773 1164 926 1243 ruperunt
948 1162 1074 1226 vincula
1096 1163 1182 1228 renti

375 1268 511 1349 dantque
535 1267 653 1349 fugam,
678 1268 723 1333 sic
747 1270 821 1332 tunc
845 1269 991 1334 claustris
1016 1270 1116 1334 evasit
1138 1272 1270 1354 uterque

374 1377 483 1439 taurus
508 1375 538 1438 et
561 1374 691 1439 immani
716 1375 860 1457 proflavit
883 1375 1010 1442 turbine
1032 1377 1208 1459 flammas3,
1309 1441 1312 1449 ,

305 1500 507 1565 crebritas:

304 1609 340 1671 ut
361 1607 505 1690 Iuppiter
527 1625 675 1688 persaepe
699 1607 858 1689 fulminat,
883 1607 928 1670 ita
951 1627 1038 1672 mens
1062 1607 1182 1672 Iasonis
1199 1607 1319 1690 gemitu
1337 1610 1443 1674 crebro

215 1715 391 1779 concutitur

302 1822 371 1887 Val.
385 1821 487 1886 Flacc.
500 1820 577 1904 Arg.
587 1821 615 1885 V
627 1823 800 1886 304-311

374 1928 510 2012 qualitor
533 1946 569 1991 ex
592 1929 657 1993 alta
681 1947 752 1992 cum
775 1928 919 2011 Iuppiter
942 1949 1011 1994 arce
1035 1930 1187 2011 coruscat,

372 2035 501 2099 Pliadas
526 2034 582 2100 ille
606 2055 732 2100 movens
756 2035 951 2119 mixtumque
968 2035 1132 2101 sonoribus
1149 2037 1283 2101 imbrem

372 2142 619 2226 horriferamque
642 2143 756 2222 nivem,
782 2141 867 2207 canis
892 2141 948 2207 ubi
970 2142 1095 2207 tollitur
1119 2142 1219 2207 omnis

373 2268 501 2331 campus
527 2249 627 2332 aquic,
652 2251 706 2314 aut
729 2248 894 2330 sanguinei
917 2268 1032 2331 magna
1056 2249 1137 2314 ostia
1153 2249 1257 2324 belli:

374 2356 419 2420 sio
442 2357 511 2420 tum
535 2356 666 2420 diversis
693 2357 767 2420 hinc
792 2359 885 2439 atque
900 2356 983 2420 ‘hinc
1006 2355 1144 2421 mot-ibus
1169 2375 1282 2438 anceps

373 2467 498 2546 pociora
522 2464 583 2528 dux
607 2465 714 2529 crebro
731 2464 851 2546 gemitu
870 2463 981 2546 quatit,
1006 2465 1094 2545 optat
1116 2463 1147 2527 et
1163 2464 1283 2527 almum

377 2572 440 2635 iarn
464 2571 555 2637 iubar
579 2573 610 2635 et
634 2572 710 2636 certi
735 2572 861 2636 tandem
886 2570 1077 2634 discriminis
1101 2570 1239 2653 h01·as1);

305 2785 515 2868 perniciem
538 2785 635 2849 infert
658 2785 803 2850 omnibus
828 2785 976 2867 gentibus
1000 2783 1178 2849 Alexander
1201 2785 1337 2866 Magnus

303 2893 377 2958 Luc.
402 2893 559 2957 PharsX
583 2894 712 2958 34—36

372 3001 528 3064 terrarum
551 3001 646 3065 fatale
662 3000 782 3064 malum
798 2999 991 3080 fulmenque,
1016 2998 1099 3081 quod
1123 2997 1223 3062 omnis

373 3108 549 3189 percuteret
572 3107 689 3189 paritor
711 3106 854 3189 populos,
880 3106 912 3168 et
935 3103 1023 3168 sidus
1047 3104 1193 3187 iniquum

374 3215 531 3298 gentibus.

749 3356 906 3423 Fumus.

303 3464 512 3547 Fragilitas
529 3465 612 3529 vitae
629 3464 744 3528 similis
769 3464 816 3528 est
840 3463 917 3527 nubi
941 3462 1032 3526 vento
1057 3460 1217 3542 dispulsae
1234 3459 1289 3544 (cf.
1308 3460 1437 3544 ventus)

303 3572 373 3636 Son.
397 3574 532 3636 Troades
558 3573 733 3637 aaa-396
771 3601 772 3604 ¹

374 3731 381 3744 .
407 3731 414 3744 .
442 3732 448 3744 .
472 3681 509 3743 ut
532 3679 643 3743 calidis
666 3680 772 3743 fumus
796 3680 834 3743 ab
858 3675 985 3758 ignibus

372 3787 521 3868 vanescit,
547 3786 684 3877 spatium
708 3806 763 3868 por
787 3786 879 3850 breve
904 3782 1059 3861 sordidus,

372 3895 408 3958 ut
430 3895 541 3973 nubes,
565 3893 710 3975 gravidas
735 3912 812 3976 quas
834 3891 925 3957 modo
948 3889 1098 3970 vidimus,

373 4001 469 4064 arctoi
495 4001 609 4065 Boreae
634 3999 742 4065 disicit
764 3999 916 4081 impetus:

373 4108 418 4170 sic
441 4107 503 4189 hic,
529 4127 589 4190 quo
613 4108 765 4192 regimur,
790 4105 921 4189 spiritus
946 4105 1063 4170 effluet.

736 4299 915 4371 Grando.

301 4427 443 4509 Fragor
465 4427 587 4510 impetu
610 4428 746 4492 exoritur
770 4427 825 4512 (cf.
849 4426 1002 4508 tonitrus)

302 4533 380 4599 Stat.
405 4535 504 4601 Theb.
522 4534 596 4598 VIII
619 4536 793 4599 lor-411

304 4693 327 4762 1>
346 4692 426 4750 Hom.
445 4693 471 4746 K
490 4694 506 4748 5
526 4693 725 4748 adnotaverunt
744 4692 965 4765 Grucnobergius
985 4695 1013 4746 et
1031 4691 1184 4762 Langenus.
