3522 5298
911 493 952 558 86

694 758 701 771 .
728 759 734 771 .
761 758 767 771 .
792 725 854 772 non
877 707 966 772 tanta
990 705 1176 772 cadentibus
1200 705 1318 772 Haedis

480 814 596 879 aeriam
619 813 789 896 Rhodopen
814 813 915 878 solida
938 815 1010 878 nive
1032 814 1175 880 verberat
1198 812 1321 894 Arctos,

479 942 536 987 nec
560 922 666 1004 fragor
688 920 846 986 Ausoniae
869 922 987 1003 tantus,
1012 941 1084 987 cum
1107 920 1251 1004 Iuppiter
1274 921 1359 985 omni

480 1048 550 1094 arce
573 1028 671 1107 tonat,
694 1029 783 1092 tanta
808 1027 949 1112 quatitur
972 1047 1028 1092 nec
1052 1027 1206 1110 grandine
1230 1027 1343 1110 Syrtis,

482 1157 553 1201 oum
576 1135 693 1220 Libyae
719 1135 833 1200 Boreas
857 1135 953 1200 Italos
978 1134 1070 1217 niger
1092 1134 1202 1202 attulit
1224 1135 1357 1216 imbres;

410 1264 595 1328 terrorem
617 1260 710 1325 inicit
733 1259 847 1325 Poenis
871 1259 1008 1342 impetus
1033 1259 1172 1325 consulis

411 1370 467 1436 Sil.
490 1367 616 1434 Pnn.V
641 1369 816 1434 384-388

483 1475 529 1540 sio
552 1474 607 1540 ubi
630 1475 800 1540 torrentem
824 1473 993 1557 crepitanti
1016 1473 1170 1555 grandine
1193 1474 1337 1540 nimbum

482 1582 583 1648 illidit
606 1581 698 1648 terris
722 1581 851 1647 molitus
876 1579 1019 1663 Iuppiter
1043 1581 1124 1645 altas

482 1689 617 1758 fulmine
640 1709 724 1753 nuno
748 1689 854 1771 Alpes,
878 1707 963 1752 nunc
985 1688 1083 1752 mixta
1107 1687 1260 1753 Ceraunia
1283 1689 1369 1754 caelo
1396 1727 1437 1736 -

483 1798 673 1863 intremuere
697 1796 794 1860 simul
818 1795 914 1861 tellus
938 1797 971 1861 et
993 1797 1107 1878 pontus
1132 1799 1162 1861 et
1185 1797 1302 1880 aether,

484 1906 615 1988 ipsaque
638 1905 790 1969 commoto
814 1903 1001 1988 quatiuntur
1023 1904 1154 1970 Tartara
1176 1903 1294 1969 mundo
1319 1930 1391 1984 —-;

414 2030 578 2095 vanitas:

414 2137 561 2204 resiliunt
584 2137 648 2202 tela
671 2155 689 2200 a
713 2136 811 2201 vineis

414 2245 489 2310 Luc.
514 2245 625 2309 Phara.
642 2244 690 2308 Ill
713 2246 889 2310 482-483

852 2401 859 2414 .
886 2401 892 2415 .
919 2402 926 2416 .
951 2351 988 2415 ut
1011 2351 1164 2434 grandine
1185 2352 1269 2416 tecta

486 2459 620 2524 innocua
643 2477 791 2542 percussa
815 2459 938 2523 sonant.

835 2636 1050 2721 Hesperus.

417 2764 626 2846 Splendore
650 2762 812 2828 antecellit
835 2782 941 2828 omncs
965 2763 1158 2847 Hippolytus
1183 2762 1367 2847 (albuna)

417 2873 488 2938 San.
512 2870 631 2935 Phaed.
656 2872 831 2935 743-752

488 2977 649 3062 pulchrior
672 2978 759 3042 tanto
783 2978 838 3042 tua
860 2978 962 3042 forma
984 2976 1079 3059 lucet,

490 3085 601 3150 clarior
625 3085 741 3169 quanto
764 3084 861 3148 micat
884 3088 958 3150 orbe
980 3085 1073 3167 pleno

490 3213 563 3257 cum
588 3213 659 3257 suos
684 3192 774 3275 ignes
799 3194 929 3256 coeunte
952 3211 1047 3256 cornu

489 3299 591 3364 iunxit
614 3300 645 3364 et
669 3318 762 3363 curru
785 3300 971 3382 properante
994 3318 1109 3382 pernox

490 3407 586 3472 exerit
609 3407 715 3471 vultus
740 3406 916 3472 rubicunda
938 3407 1063 3472 Phoebe

490 3532 547 3578 nec
570 3515 678 3578 tenent
701 3513 812 3578 stellae
834 3514 948 3578 faciem
971 3514 1123 3597 minores3

490 3620 564 3684 talis
589 3623 637 3685 est
660 3621 777 3704 primas
801 3621 938 3686 referens
962 3622 1106 3686 tenebras

490 3728 621 3796 nuntius
646 3728 745 3792 noctis
770 3728 861 3792 modo
885 3729 969 3792 lotus
993 3728 1088 3792 undis

491 3836 661 3918 Hesperus,
685 3835 787 3918 pulsis
812 3835 927 3899 iterum
950 3835 1086 3901 tenebris

490 3941 617 4006 Lucifer
639 3941 739 4024 idem3

420 4048 560 4132 pallor:
1745 4123 1746 4132 ἵ

422 4157 459 4219 ut
481 4155 619 4220 nubibus
644 4157 828 4221 obscuratur
851 4156 1022 4240 Hesperus,
1046 4157 1092 4222 ita
1115 4157 1262 4239 pallescit
1276 4156 1399 4222 iuvenis
1422 4153 1558 4220 moriens

423 4261 479 4327 su.
504 4262 584 4327 Pun.
601 4262 663 4326 xri
688 4265 863 4328 ara-aso
1745 4257 1746 4288 ¹

493 4369 578 4432 haud
602 4388 690 4434 secus
715 4370 837 4436 Oceano
861 4371 984 4436 rediens
1010 4371 1193 4454 Cythereius
1217 4371 1312 4452 igniS,

494 4496 565 4540 cum
589 4496 656 4542 sesa
679 4477 793 4543 Veneri
816 4478 912 4542 iactat
935 4479 1100 4559 splendore
1123 4479 1248 4560 refecto,

494 4583 522 4648 si
546 4585 650 4649 subita
673 4584 802 4649 invadat
825 4587 933 4666 nubea,
958 4584 1123 4650 hebetatur
1148 4587 1178 4649 et
1201 4586 1277 4650 atris

495 4691 676 4757 decrescens
701 4691 838 4758 tenebris
863 4691 1048 4774 languentia
1071 4692 1193 4758 lumina
1219 4692 1333 4758 condit.
