3522 5298
932 419 973 484 66

499 633 649 697 silvarum
676 633 794 698 secreta
822 633 903 714 petit
925 650 1101 715 vacuosque
1124 651 1181 714 per
1203 630 1318 714 agros

501 740 571 804 exul
595 741 629 804 in
653 740 792 806 adversis
817 738 956 822 explorat
979 759 1095 805 cornua
1117 739 1237 804 truncis

499 867 555 912 nec
579 847 661 912 redit
684 847 715 912 in
741 850 861 930 pastus,
886 846 948 912 nisi
973 866 1044 911 cum
1068 846 1187 910 cervice
1209 849 1333 928 recepto

501 955 622 1020 excussi
646 955 792 1038 placuere
815 954 892 1036 tori;

426 1097 633 1161 meditatio
663 1097 775 1179 proclii
803 1096 935 1178 occupat
964 1079 1105 1159 animum
1129 1078 1317 1160 Hannibalis
1341 1095 1423 1160 intra
1448 1094 1567 1159 vallum

337 1203 490 1268 morantis

427 1327 483 1391 Sil.
509 1328 589 1393 Pun.
607 1327 682 1392 XVI
705 1330 816 1394 4-10

498 1452 624 1517 abditus
648 1454 684 1516 ut
708 1453 799 1535 silva,
824 1451 958 1517 stabulis
984 1471 1054 1516 curn
1072 1452 1168 1516 cessit
1184 1451 1351 1535 ademptis,

497 1559 612 1624 amisso
636 1561 745 1624 laurus
769 1578 866 1642 regno
890 1558 997 1642 gregis
1022 1559 1092 1624 avia
1115 1559 1222 1624 clauso

497 1665 628 1730 molitur
652 1665 736 1730 saltu
760 1666 930 1730 certamina
953 1666 1079 1748 iamque
1107 1665 1202 1731 ieroci

496 1772 621 1856 mugitu
646 1791 772 1837 nemora
795 1775 927 1838 exterret
951 1793 1068 1858 perque
1091 1774 1190 1838 ardua
1213 1792 1307 1838 cursu

498 1898 570 1944 saxa
592 1880 667 1961 ruit,
699 1881 811 1945 sternit
835 1881 930 1945 silvas
955 1899 1112 1963 rupesque
1135 1880 1263 1945 lacessit

496 1987 576 2052 irato
598 1987 729 2052 rabidus
754 2007 860 2069 cornu,
892 1987 999 2052 tremit
1024 1987 1124 2051 omnis
1149 1989 1187 2052 ab
1211 1986 1275 2052 alto

495 2095 697 2177 prospectans
714 2092 842 2176 scopulo
859 2095 966 2175 pastor
978 2113 1057 2158 nova
1072 2093 1157 2160 bella
1172 2095 1351 2176 parantem3

264 2309 269 2319 ⁴
423 2219 587 2300 gemitus
622 2218 777 2283 Hesionae
815 2218 939 2282 vinctae
974 2221 1005 2282 et
1033 2238 1051 2283 a
1085 2219 1177 2282 belna
1211 2217 1328 2301 petitae
1357 2219 1396 2282 ab
1426 2218 1562 2282 Hercule

335 2325 464 2390 auditur

426 2450 623 2548 ValsFlacc.
648 2449 724 2533 Arg.
742 2449 774 2513 ll
796 2451 970 2515 458-461

494 2576 644 2658 qualiter,
668 2574 813 2657 implevit
836 2575 955 2657 gemitu
980 2594 1053 2639 cum
1075 2575 1184 2640 taurus
1210 2576 1318 2640 acerbo

495 2682 575 2763 avia,
600 2683 796 2764 frangentem
819 2701 926 2746 morsu
950 2701 1045 2764 super
1068 2681 1133 2746 alta
1158 2683 1280 2747 leonem

497 2790 722 2870 tergeremus,
748 2791 811 2853 coit
835 2809 851 2852 e
878 2808 986 2871 sparso
1010 2789 1132 2854 concita
1155 2789 1274 2872 mapali
1363 2773 1368 2779 ’

494 2897 657 2980 agrestum
680 2915 791 2959 manus
817 2896 848 2960 et
871 2915 964 2960 caeco
988 2897 1123 2962 clamore
1147 2896 1263 2974 coloni;

422 3020 624 3086 clamorem
646 3019 733 3085 tollit
755 3021 918 3103 Hercules
943 3041 1014 3084 cunr
1038 3022 1156 3086 vestem
1180 3021 1332 3103 sanguine
1357 3020 1450 3085 Nessi
1473 3022 1558 3086 satu·

332 3128 433 3192 ratam
458 3128 598 3192 induerit
622 3128 676 3212 (cl.
702 3127 839 3211 fulmen)

424 3253 492 3318 Scn.
519 3254 611 3318 Herc.
630 3250 700 3316 Oet.
719 3254 890 3319 797-801

708 3410 715 3423 .
742 3411 749 3424 .
776 3411 782 3424 .
807 3359 881 3423 hinc
904 3359 1026 3424 caelum
1049 3359 1175 3424 horrido

495 3468 630 3529 clamore
654 3465 803 3548 complet:
829 3466 932 3550 qualis
956 3465 1109 3548 impressa
1132 3466 1228 3549 fugax
1269 3517 1271 3522 ,

494 3575 603 3637 laurus
627 3571 758 3654 bipenni
782 3573 893 3636 volnus
917 3575 949 3637 et
971 3572 1072 3637 telum
1094 3573 1197 3637 ferens

497 3680 629 3744 delubra
651 3681 739 3744 vasto
763 3680 887 3762 trepida
909 3680 1036 3762 mugitu
1059 3680 1171 3762 replet,

494 3787 550 3850 aut
574 3786 666 3868 quale
689 3785 807 3850 mundo
830 3786 952 3851 fulmen
976 3786 1127 3851 emissum
1149 3787 1253 3867 lonat3
1343 3855 1344 3860 ,

423 3911 591 3974 domitus
617 3910 811 3993 Cyanearum
834 3911 947 3974 lunoni
971 3913 1002 3976 et
1025 3911 1183 3976 Minervae
1208 3911 1345 3993 obtingit
1369 3911 1424 3995 (el.
1444 3910 1558 3993 arator)
1656 3974 1659 3980 ,

423 4017 492 4081 Val.
521 4017 622 4081 Flacc.
647 4016 723 4099 Arg.
741 4017 785 4081 IV
809 4019 984 4083 oon-685

496 4191 503 4206 .
531 4193 537 4206 .
564 4189 572 4204 .
595 4141 647 4206 hic
671 4141 749 4206 Iuno
772 4161 983 4226 praecepsque
1007 4162 1042 4207 ex
1066 4142 1190 4207 aethere
1214 4143 1321 4207 Pallas

495 4248 644 4314 insiliunt
666 4248 784 4330 pariter
808 4248 968 4332 scopulos:
993 4250 1077 4313 hunc
1101 4251 1172 4314 nata
1196 4251 1326 4331 coercet,

494 4355 577 4420 hunc
601 4355 734 4420 coniunx
750 4356 844 4437 loris3
868 4358 904 4420 ut
919 4356 1023 4421 valido
1041 4356 1095 4440 qui
1118 4358 1227 4421 robore
1242 4357 1348 4448 tauros

495 4464 552 4526 sub
577 4462 654 4545 iuga
678 4464 708 4528 et
732 4462 831 4526 invito
856 4463 1020 4547 detorquet
1044 4463 1075 4527 in
1101 4463 1158 4527 ilia
1182 4483 1292 4543 cornu3

420 4588 640 4652 reverentia
663 4587 804 4652 omniurn
828 4589 860 4652 in
884 4589 1036 4669 Erginum
1063 4590 1305 4672 gubernatorem
1329 4588 1377 4652 est
1399 4605 1512 4668 magna
