3522 5298
922 443 962 507 12

415 670 518 717 coma
541 652 643 718 Flavii
667 655 776 720 Earini
798 655 980 722 admirabili
1003 657 1052 721 est
1075 656 1241 739 splendore
1264 657 1320 742 (cf.
1347 658 1460 742 Nisus)

416 776 870 863 mmmmma

486 884 560 949 huic
583 888 615 950 et
637 887 789 969 purpurei
813 887 902 953 cedet
925 907 1013 953 coma
1036 888 1142 954 saucia
1165 887 1248 972 Nisi,

486 992 517 1057 et
541 1011 635 1075 quam
659 993 807 1076 Sperchio
831 995 973 1060 tumidus
999 997 1144 1062 servabat
1165 995 1324 1078 Achilles;

416 1116 566 1182 labores
590 1120 661 1201 post
684 1118 783 1184 otium
806 1119 933 1186 lucilius
964 1121 1096 1204 perferri
1131 1140 1223 1204 posse
1254 1122 1345 1204 poeta
1375 1120 1552 1186 Victorium

328 1222 514 1289 llarcellum
538 1225 628 1290 docet

416 1347 862 1435 mmnmwe

649 1509 856 1526 .......
880 1459 962 1524 vires
985 1459 1120 1543 instigat
1143 1459 1262 1544 alitque

487 1563 674 1646 tempestiva
697 1565 797 1650 quies,
821 1566 921 1631 maior
943 1567 1015 1649 post
1037 1565 1101 1632 otia
1125 1565 1240 1631 virtus!

486 1670 562 1736 talis
587 1673 711 1738 cantata
734 1673 878 1738 Briseide
901 1672 987 1738 venit
1010 1672 1151 1740 Achilles

487 1777 589 1844 acrior
611 1779 643 1843 et
666 1779 777 1862 positis
801 1779 907 1863 erupit
928 1780 962 1844 in
986 1780 1121 1847 Hectora
1144 1780 1293 1863 plectris3

418 1902 590 1969 amicitia
612 1904 747 1970 Achillis
772 1925 844 1970 aum
867 1905 1010 1971 Patroclo
1034 1924 1138 1970 amore
1169 1905 1327 1972 coniuncti
1350 1926 1411 1972 non
1438 1909 1555 1991 aequat

329 2030 424 2096 quam
452 2011 544 2093 poeta
566 2009 649 2075 inter
683 2030 716 2077 se
750 2013 782 2077 et
803 2011 980 2078 Victorium
1013 2031 1141 2079 manere
1175 2013 1264 2096 cupit
1291 2013 1463 2080 amicitiam
1498 2014 1553 2099 (ci.

329 2116 495 2200 Hercules,
519 2116 674 2202 Theseus)

418 2241 496 2308 Stat.
522 2240 655 2308 siluri
680 2245 711 2324 4,
740 2245 914 2310 102-105

491 2400 498 2414 .
524 2400 531 2414 .
558 2399 565 2414 .
589 2368 647 2414 nec
670 2350 754 2415 enim
777 2351 962 2434 Tirynthius
986 2351 1068 2385 aas

489 2455 505 2489 ὴ
522 2456 538 2490 ὴ
554 2456 570 2490 t
586 2455 602 2489 ὴ
617 2457 633 2491 ὴ
648 2450 664 2490 ᾗ
688 2456 788 2523 almae

490 2564 598 2646 pectus
623 2563 797 2644 amicitiam
821 2565 911 2630 cedet
933 2565 994 2630 tibi
1016 2565 1119 2648 gloria
1141 2566 1198 2630 fidi

489 2670 636 2752 Theseos,
660 2672 692 2736 et
714 2669 853 2736 lacerum
877 2672 932 2755 qui
956 2671 1039 2737 circa
1061 2673 1186 2739 moenia
1209 2672 1320 2739 'l'roiae

490 2775 672 2843 Priamiden
695 2797 783 2844 caeso
806 2778 922 2845 solacia
944 2779 1039 2844 traxit
1061 2779 1176 2862 amico;
1239 2769 1242 2774 ’
1356 2764 1360 2774 ’

419 2901 546 2984 gloria
570 2902 624 2988 (cf.
643 2901 875 2989 Agamemnon)

346 3047 349 3052 ι
420 3008 477 3074 sil.
501 3009 582 3076 Pun.
599 3008 657 3074 XV
681 3012 866 3076 275-279.

852 3206 1034 3278 Acoetes.

420 3331 531 3398 Amor
554 3333 661 3399 Atedii
685 3332 825 3398 Melioris
849 3352 924 3416 erga
947 3333 1123 3416 Glauciam,
1148 3333 1312 3397 alumnum
1336 3350 1440 3410 suum,
1476 3349 1515 3394 ne
1540 3350 1559 3394 a

331 3439 515 3522 parentibus
540 3439 667 3525 quidem
690 3439 774 3505 vinci
798 3442 901 3523 potest
929 3441 983 3524 (cf.
1008 3439 1135 3520 Chiron,
1164 3437 1311 3519 Phoenix,
1340 3435 1462 3517 Dictys,
1491 3435 1557 3514 Ino,

332 3544 429 3631 Acca)

420 3653 498 3720 Stat.
524 3653 600 3721 Silv.
617 3654 648 3719 Il
667 3659 696 3739 1,
720 3656 874 3721 88—100

732 3813 739 3827 .
765 3812 772 3826 .
799 3812 805 3826 .
830 3762 936 3826 tenero
960 3761 1006 3825 sic
1028 3758 1163 3825 blandus
1187 3754 1307 3822 Achilli

492 3867 619 3934 semifer
641 3867 851 3934 Haemonium
873 3867 1018 3933 vincebat
1040 3865 1135 3930 Pelea
1158 3863 1283 3931 Chiron.

491 3995 549 4042 nec
572 3975 675 4062 senior
697 3975 810 4040 Peleus
834 3975 945 4039 natum
968 3971 1133 4038 comitatus
1156 3971 1191 4037 in
1214 3990 1301 4035 arma

490 4084 612 4164 Troica,
637 4082 692 4147 sed
716 4081 799 4146 claro
822 4080 962 4146 Phoenix
984 4080 1133 4145 haerebat
1156 4080 1292 4146 alumno.

493 4190 621 4273 optabat
650 4190 742 4272 longe
765 4187 885 4252 reditus
909 4185 1065 4252 Pallantis
1090 4186 1211 4253 ovantis

494 4297 648 4377 Euander,
672 4295 755 4361 fidus
780 4315 902 4381 pugnas
927 4295 1088 4379 spectabat
1109 4293 1252 4359 Acoetes.

493 4413 627 4490 cumque
648 4404 760 4490 procul
775 4402 886 4469 nitidis
902 4402 1025 4485 genitor
1042 4401 1177 4467 cessaret
1193 4400 1231 4465 ab
1248 4398 1347 4464 astris

492 4509 680 4596 fluctivagus
704 4512 863 4578 volucrem
887 4510 1028 4577 comebat
1050 4509 1166 4576 Persea
1188 4505 1310 4590 Dictys.

493 4620 570 4710 quid
594 4621 728 4688 referam
754 4618 903 4714 altricum
918 4618 1017 4692 motas
1039 4616 1156 4700 pietate
1180 4611 1347 4700 parentes?
