3522 5298
812 453 831 514 5

367 667 398 728 et
420 663 530 730 rubuit
551 662 688 727 flammis
712 663 827 728 iterum
850 663 1010 746 Neptunia
1034 665 1151 748 cuspis,

367 769 551 853 spiculaque
574 770 699 835 extenso
722 770 826 834 Paean
850 770 992 853 Pythone
1017 771 1142 852 recoxit,

366 875 473 941 Pallas
499 875 677 960 Gorgoneos
702 875 831 942 diffudit
852 876 886 940 in
910 877 1033 962 Aegida
1056 878 1169 962 crines2

366 983 535 1049 Pallenaea
557 983 623 1048 lovi
647 983 782 1049 mutarit
804 981 939 1048 fulmina
963 983 1098 1068 cyclops.

725 1231 918 1302 Bacchus.

296 1358 478 1424 Maiestas
504 1357 678 1423 Domitiani
706 1357 846 1422 cenantis
877 1358 931 1443 qui
959 1359 1007 1424 tot
1034 1359 1128 1424 bellis
1158 1361 1237 1425 bene
1260 1358 1359 1442 gestis
1383 1379 1433 1424 re-

207 1464 355 1548 quiescit,
388 1485 449 1530 non
478 1464 583 1529 minus
614 1483 724 1529 serena
755 1465 803 1528 est
835 1483 929 1547 quam
953 1465 1069 1530 Bacchi
1100 1465 1156 1549 qni
1187 1466 1281 1548 longe
1308 1465 1434 1551 lateque

206 1573 340 1654 vagatus
365 1592 433 1638 sese
457 1570 543 1636 dulci
567 1571 667 1654 quieti
688 1571 742 1635 dat
765 1571 820 1655 (cf.
838 1571 990 1655 Iuppiter,
1014 1573 1111 1654 Mars,
1127 1572 1289 1658 Hercules,
1306 1571 1434 1657 Pollux)

296 1697 375 1764 scae.
391 1696 468 1763 silv.
485 1695 529 1762 IV
546 1698 576 1777 2,
593 1697 725 1762 46--56

366 1842 427 1887 non
451 1821 545 1886 aliter
568 1821 675 1904 gelida
698 1821 862 1903 Rhodopes
886 1820 920 1885 in
945 1821 1028 1886 valle
1050 1822 1207 1888 recumbit

367 1927 507 1994 dimissis
533 1927 688 1994 Gradivus
713 1927 816 2010 equis;
842 1927 886 1991 sic
909 1928 1032 1993 lubrica
1057 1929 1147 2011 ponit

365 2038 506 2101 membra
529 2035 731 2117 Therapnaea
746 2034 903 2100 resolutus
921 2034 1078 2117 gymnade
1094 2035 1217 2118 Pollux,

367 2143 412 2208 sic
435 2141 517 2208 iacet
539 2141 580 2206 ad
604 2141 734 2224 Gangen
757 2141 845 2205 Indis
869 2141 1068 2206 ululantibus
1094 2141 1216 2224 Euhan,
1269 2132 1273 2136 ’

367 2250 412 2314 sic
436 2249 541 2333 gravis
564 2247 692 2314 Alcides
717 2250 788 2330 post
815 2247 943 2313 horrida
965 2248 1053 2314 iussa
1076 2267 1218 2315 reversus

367 2357 525 2440 gaudebat
548 2358 646 2423 strato
669 2356 753 2420 latus
778 2355 938 2421 adclinare
962 2356 1056 2422 leoni.

366 2483 463 2549 parva
475 2464 587 2549 loquor
597 2463 732 2529 necdum
756 2483 854 2546 aequo
877 2464 959 2546 tuos,
974 2463 1169 2545 Gennaniee,
1186 2463 1310 2528 vultus:

366 2571 440 2638 talis
464 2571 520 2637 ubi
545 2570 661 2636 Oceani
684 2566 779 2636 finem
803 2590 990 2656 mensasque
1014 2571 1124 2636 revisit

366 2679 558 2762 Aethiopum
583 2697 669 2744 sacro
686 2677 819 2742 diffusus
844 2678 967 2743 nectare
990 2679 1110 2761 vultus,

367 2788 430 2853 dux
453 2805 602 2868 superum
626 2786 745 2850 secreta
759 2783 849 2850 iubet
865 2785 938 2850 dare
954 2785 1093 2850 earmina
1109 2784 1216 2850 Musas

368 2896 399 2960 et
421 2893 606 2960 Pallenaeos
630 2893 793 2958 Phoebum
816 2892 946 2958 laudare
968 2891 1161 2974 triumphos;

296 3037 443 3104 maiestas
460 3035 614 3118 Scipionis
639 3033 864 3118 triumphantis
889 3035 943 3118 (ef.
961 3034 1129 3118 Hercules)

295 3162 353 3230 Sil.
370 3164 450 3228 Pun.
467 3161 557 3226 XVII
581 3161 756 3226 645-650

366 3289 444 3371 ipse,
469 3288 574 3352 astans
592 3305 685 3350 curru
708 3286 802 3369 atque
818 3304 893 3350 auro
910 3284 1072 3349 decoratus
1090 3285 1121 3348 et
1137 3283 1220 3349 ostro

367 3394 485 3460 Martia
508 3394 677 3476 praebebat
701 3393 871 3476 spectanda
895 3390 1067 3477 quiritibus
1090 3409 1159 3455 ora:

367 3502 470 3588 qualis
495 3500 631 3567 odoratis
656 3500 846 3566 descendens
870 3499 964 3565 Liber
987 3500 1026 3563 ab
1049 3497 1138 3563 Indis

367 3610 433 3692 egit
455 3592 636 3693 pampineos
660 3607 782 3672 frenata
804 3607 922 3689 tigride
945 3624 1070 3685 currus3

292 3713 293 3716 ’
320 3730 331 3736 ·’
366 3718 422 3782 aut
444 3736 516 3781 cum
539 3713 723 3798 Phlegraeis
748 3714 887 3780 confecta
910 3712 991 3778 mole
1016 3711 1183 3796 gigantum

367 3822 498 3889 incessit
520 3822 639 3905 campis
662 3822 796 3904 tangens
819 3819 1005 3905 Tirynthius
1029 3820 1114 3884 astra
1122 3820 1163 3904 1);

298 3965 496 4050 quassatio
517 3966 620 4030 terrae

295 4091 366 4157 Val.
390 4090 493 4156 Flacc.
517 4088 594 4174 Arg.
612 4087 657 4154 VI
675 4089 849 4154 168-170

368 4216 437 4298 ipse
453 4215 530 4281 rotis
547 4213 646 4297 gemit
661 4213 743 4279 ictus
757 4231 831 4297 ager
847 4210 1110 4294 tremibundaque
1122 4210 1219 4294 pulsu

367 4323 459 4388 nutat
469 4322 597 4403 humus,
615 4320 718 4404 quatit
735 4322 772 4386 nt
784 4339 874 4386 saevo
887 4338 958 4383 cnm
970 4317 1103 4382 fulmine
1119 4315 1287 4400 Phlegram

366 4428 510 4512 Iuppiter
533 4429 634 4514 adque
657 4426 731 4492 imis
754 4426 906 4511 Typhona
929 4423 1106 4490 reverberat
1129 4421 1212 4489 arvis

205 4565 418 4576 ...-..---ι-

297 4652 319 4722 ¹)
339 4651 402 4707 Sen.
421 4649 522 4706 Phaed.
543 4648 693 4705 raa-757.
