3522 5298
825 443 865 504 41

322 779 503 844 Foediias
537 779 631 844 fontis
661 780 742 862 apud
773 778 862 842 Atrei
890 778 1010 860 regiam
1039 777 1094 842 siti
1125 797 1195 842 eum
1231 777 1317 841 tristi
1352 775 1459 860 Stygis

234 887 319 951 unda
342 887 500 952 confertur

323 993 393 1058 Seu.
418 993 546 1076 Thyest.
564 995 740 1057 665-667

394 1100 464 1166 fons
490 1100 552 1164 stat
576 1101 635 1164 sub
660 1101 771 1164 umbra
794 1099 894 1163 tristis
920 1100 951 1163 et
973 1099 1066 1182 nigre
1090 1098 1181 1182 uiger

394 1207 501 1271 haeret
523 1206 657 1288 palude3
682 1206 756 1271 talis
782 1207 831 1271 est
855 1206 941 1271 dirae
964 1205 1071 1289 Stygis

396 1313 544 1378 deformis
568 1313 664 1394 uude,
689 1333 769 1397 quae
792 1313 869 1378 feeit
892 1313 977 1378 eaelo
1000 1312 1105 1378 fidem.

716 1505 1017 1595 Symplegades.

325 1633 515 1698 Interitus
539 1633 663 1700 ultimis
687 1633 819 1717 Pompei
841 1633 973 1698 navibus
997 1634 1126 1716 paratur

325 1740 399 1804 Luc.
424 1739 533 1804 Phars.
550 1740 582 1803 Il
607 1742 780 1805 715-719

396 1867 442 1946 ut,
466 1864 626 1949 Pagasaea
648 1867 725 1930 retis
742 1867 861 1948 peteret
878 1886 949 1930 eum
965 1865 1118 1937 Phasidos
1135 1865 1247 1946 undas,

398 1971 536 2054 Cyaneas
561 1973 656 2036 tellus
682 1973 788 2037 emisit
811 1973 844 2037 in
868 1992 1002 2056 aequora
1026 1973 1142 2051 cautes,

397 2081 487 2161 repta
507 2099 612 2162 puppe
624 2080 728 2144 minor
745 2080 900 2144 subducta
917 2079 965 2143 est
981 2077 1247 2161 montibusArgo,

396 2205 539 2268 vanaque
562 2187 718 2268 percussit
741 2189 873 2268 pontum
898 2185 1082 2270 Symplegas
1107 2185 1233 2251 inanem

399 2295 431 2358 et
453 2295 574 2357 stature
597 2293 688 2358 redit.

729 2476 731 2479 ’
751 2489 949 2564 Tartarus.

326 2613 506 2678 Altitudo
531 2612 662 2697 Alpium
684 2615 734 2678 his
758 2615 901 2680 versibus
926 2615 1113 2698 exprimitur

327 2720 383 2785 Sil.
408 2720 555 2784 PuulII
578 2723 753 2787 483-486
818 2789 820 2794 ,

399 2830 552 2912 quantum
575 2829 742 2894 Tartareus
766 2829 857 2913 regni
880 2828 1030 2912 pallentis
1053 2829 1160 2894 hiatus
1217 2838 1220 2842 ’

399 2936 439 2999 ad
462 2935 564 3000 manis
588 2935 667 3000 imos
693 2938 786 3020 atque
811 2937 895 3002 atrae
920 2938 1033 3018 stagna
1055 2935 1182 3018 paludis
1287 2947 1290 2953 '

399 3062 417 3106 a
440 3061 553 3124 supera
575 3043 690 3108 tellure
713 3045 810 3126 petet,
834 3042 900 3108 tam
924 3043 1018 3124 leuga
1041 3061 1097 3124 per
1121 3061 1211 3106 auras

399 3148 533 3230 erigitur
555 3150 662 3215 tellus.
