3522 5298
933 385 952 450 8

412 615 537 677 pompa
560 597 749 662 Hannibalis
773 616 887 681 agmen
909 597 1053 663 ducentis
1077 617 1149 662 curn
1172 597 1320 682 Neptuno
1343 618 1399 682 per
1415 617 1549 682 aequora

323 702 448 766 vehenti
472 705 671 786 comparatur

414 807 471 874 Sil.
495 809 577 874 Pun.
593 810 640 874 III
664 813 839 877 roo-414

482 916 549 982 ibat
572 936 666 982 ovans
691 918 847 1000 longaque
869 917 1014 982 umbram
1037 917 1152 982 tellure
1175 919 1329 984 trahebat.

482 1023 553 1088 Non
577 1024 679 1107 aliter,
703 1024 846 1109 quotiens
870 1023 1046 1107 perlabitur
1069 1043 1204 1107 aequora
1227 1045 1322 1090 curru

483 1131 714 1215 extremamque
736 1131 826 1215 petit,
851 1131 995 1196 Phoebea
1018 1131 1147 1213 cubilia,
1170 1132 1294 1215 Tethyn

483 1237 613 1302 frenatis
636 1239 803 1322 Neptunus
827 1238 928 1322 equis,
952 1237 1024 1302 fluit
1046 1239 1149 1304 omnis
1173 1239 1212 1303 ab
1236 1239 1336 1304 antris

483 1343 656 1409 Nereidum
679 1345 791 1410 chorus
816 1347 848 1409 et
870 1347 959 1410 sueto
983 1345 1153 1411 certamine
1175 1346 1272 1434 nandi
1394 1423 1396 1430 Α

484 1450 618 1515 candida
641 1451 806 1534 perspicuo
830 1453 1014 1516 convertunt
1036 1451 1183 1518 bracchia
1206 1453 1317 1535 ponto;

412 1594 485 1640 cum
508 1576 801 1660 tranquillitate
825 1595 880 1659 per
903 1576 1086 1659 Neptunum
1110 1577 1219 1642 effecta
1242 1579 1440 1661 comparatur
1462 1579 1549 1642 tran-

325 1682 468 1768 quillitas
492 1681 591 1746 animi
616 1684 753 1748 oratione
777 1683 869 1748 Fabii
892 1683 1004 1749 effecta

415 1788 472 1856 Sil.
497 1789 576 1854 Pun.
594 1789 654 1853 VH
678 1791 852 1855 254-259

484 1897 522 1959 ut
545 1915 616 1959 curn
640 1895 775 1961 turbatis
800 1895 962 1978 placidum
991 1897 1085 1978 capnt
1108 1896 1221 1961 extulit
1243 1897 1338 1962 undis

484 2002 651 2084 Neptunus
674 2004 838 2086 totumque
862 2002 948 2067 videt
970 2002 1092 2088 totique
1114 2002 1239 2068 ridetur

485 2111 633 2192 regnator
655 2111 765 2192 ponto;
789 2109 874 2175 saevi
897 2110 963 2175 sera
985 2129 1149 2175 murmura
1172 2110 1257 2175 venti

487 2215 653 2280 dimittunt
675 2217 844 2300 nullasque
867 2218 993 2282 movent
1015 2217 1047 2280 in
1072 2217 1230 2282 frontibus
1254 2218 1338 2298 alas3

487 2324 566 2404 turn,
591 2323 709 2388 sensim
731 2323 837 2388 infusa
859 2323 1033 2406 tranquilla
1056 2343 1112 2406 per
1135 2342 1270 2407 aequora
1294 2344 1380 2407 pace,

489 2430 674 2512 languentes
698 2430 793 2495 tacito
818 2430 924 2494 lucent
945 2430 980 2494 in
1004 2429 1096 2497 litore
1118 2429 1243 2497 fluctus.

880 2649 1009 2730 Pluto.

418 2776 528 2841 Color
558 2776 650 2859 niger
678 2777 847 2842 Plutonius
879 2780 946 2842 erat
975 2778 1089 2843 rectori
1120 2798 1229 2844 currus
1262 2781 1390 2861 'lirngro
1414 2779 1554 2859 cuidam3

330 2905 402 2949 nam
428 2885 495 2949 erat
517 2884 618 2968 niger,
642 2884 728 2966 nigri
752 2886 840 2949 eraut
863 2885 947 2968 equi,
971 2884 1063 2970 nigra
1087 2887 1175 2951 erant
1198 2906 1285 2951 arma

419 2991 474 3056 Sil.
501 2991 581 3058 Pun.
599 2991 661 3056 VH
684 2993 860 3058 sss-690

489 3136 545 3180 ceu
570 3116 727 3198 qnondam
744 3117 886 3182 aeternae
906 3118 1053 3201 regnator
1068 3118 1180 3200 noctis,
1205 3117 1246 3182 ad
1261 3117 1340 3183 imos

490 3243 561 3287 cum
583 3223 709 3307 fugeret
730 3224 897 3307 thalamos,
921 3225 1069 3290 Hennaea
1090 3223 1216 3307 virgine
1236 3225 1337 3306 rapta,

490 3329 557 3411 egit
579 3330 756 3412 nigrantem
780 3331 891 3414 Stygia
916 3331 1052 3413 caligine
1075 3349 1211 3395 currum.

834 3541 1052 3612 Vulcanus.

420 3669 666 3735 Praestantia
689 3667 939 3752 (artificiorum):

421 3777 540 3842 Statius
565 3776 602 3839 de
626 3776 762 3840 Hercule
785 3771 984 3855 Epitrapezio
1008 3772 1102 3835 verba
1124 3770 1242 3836 faciens
1266 3769 1397 3852 respicit
1419 3769 1555 3834 Vulcani

333 3887 430 3949 artem
454 3885 486 3947 et
508 3882 604 3965 negat
627 3901 662 3946 ex
684 3900 780 3962 parva
802 3878 934 3942 materia
948 3877 1126 3942 Vulcanum
1148 3879 1214 3942 tam
1238 3877 1403 3960 pulchram
1421 3877 1558 3942 statuam

332 3991 450 4071 fingere
474 4007 565 4071 posse
587 3988 643 4072 (cf.
668 3985 810 4065 Brontes,
834 3983 1016 4068 Telchines)

422 4096 500 4161 Stat.
526 4094 601 4160 Silv.
619 4094 662 4157 IV
687 4097 717 4173 6,
743 4093 873 4157 44-49

495 4202 565 4284 quis
589 4201 700 4266 modus
724 4200 758 4263 in
781 4199 897 4281 dextra,
922 4200 1040 4282 quanta
1056 4197 1246 4284 experientia
1262 4197 1344 4262 docti

495 4307 624 4372 artificis
648 4305 744 4388 curis,
768 4305 887 4389 pariter
911 4305 1086 4390 gestamina
1108 4323 1234 4370 mensae

494 4413 614 4495 fingere
638 4416 670 4478 et
691 4413 834 4495 ingentes
859 4414 963 4478 animo
985 4431 1109 4477 versare
1134 4411 1286 4477 colossos!

497 4520 561 4585 tale
584 4539 641 4586 nec
664 4521 767 4589 Idaeis
792 4521 961 4610 quicquam
983 4519 1150 4608 Telchines
1173 4518 1207 4590 in
1230 4517 1330 4589 antris
