<?xml version="1.0" encoding="UTF-8"?>
<!DOCTYPE html PUBLIC "-//W3C//DTD XHTML 1.0 Transitional//EN"
    "http://www.w3.org/TR/xhtml1/DTD/xhtml1-transitional.dtd">
<html xmlns="http://www.w3.org/1999/xhtml" xml:lang="en" lang="en">
 <head>
  <title>
</title>
<meta http-equiv="Content-Type" content="text/html;charset=utf-8" />
  <meta name='ocr-system' content='tesseract 3.04.00' />
  <meta name='ocr-capabilities' content='ocr_page ocr_carea ocr_par ocr_line ocrx_word'/>
</head>
<body>
  <div class='ocr_page' id='page_1' title='image "./deexemplisatque00stregoog_0019.png"; bbox 0 0 3522 5298; ppageno 0'>
   <div class='ocr_carea' id='block_1_1' title="bbox 940 407 981 470">
    <p class='ocr_par' dir='ltr' id='par_1_1' title="bbox 940 407 981 470">
     <span class='ocr_line' id='line_1_1' title="bbox 940 407 981 470; baseline 0 0"><span class='ocrx_word' id='word_1_1' title='bbox 940 407 981 470; x_wconf 88' lang='lat'>10</span> 
     </span>
    </p>
   </div>
   <div class='ocr_carea' id='block_1_2' title="bbox 850 497 1063 512">
    <p class='ocr_par' dir='ltr' id='par_1_2' title="bbox 850 497 1063 512">
     <span class='ocr_line' id='line_1_2' title="bbox 850 497 1063 512; baseline 0.005 -1"><span class='ocrx_word' id='word_1_2' title='bbox 850 497 1063 512; x_wconf 54' lang='lat' dir='ltr'>&#39;m</span> 
     </span>
    </p>
   </div>
   <div class='ocr_carea' id='block_1_3' title="bbox 347 619 1568 935">
    <p class='ocr_par' dir='ltr' id='par_1_3' title="bbox 347 619 1568 935">
     <span class='ocr_line' id='line_1_3' title="bbox 900 619 1013 691; baseline 0.027 -5"><span class='ocrx_word' id='word_1_3' title='bbox 900 619 1013 691; x_wconf 83' lang='lat' dir='ltr'>luno.</span> 
     </span>
     <span class='ocr_line' id='line_1_4' title="bbox 433 736 1568 838; baseline 0.016 -38"><span class='ocrx_word' id='word_1_4' title='bbox 433 736 660 820; x_wconf 82' lang='lat' dir='ltr'>Magnitudo</span> <span class='ocrx_word' id='word_1_5' title='bbox 675 741 789 822; x_wconf 81' lang='lat' dir='ltr'><strong>anguis</strong></span> <span class='ocrx_word' id='word_1_6' title='bbox 805 743 931 809; x_wconf 92' lang='lat' dir='ltr'>Iunonii</span> <span class='ocrx_word' id='word_1_7' title='bbox 940 745 966 830; x_wconf 94' lang='lat'>¹)</span> <span class='ocrx_word' id='word_1_8' title='bbox 983 746 1167 829; x_wconf 79' lang='lat' dir='ltr'>depingitur</span> <span class='ocrx_word' id='word_1_9' title='bbox 1182 749 1237 832; x_wconf 88' lang='lat' dir='ltr'>(cf.</span> <span class='ocrx_word' id='word_1_10' title='bbox 1256 749 1417 833; x_wconf 84' lang='lat' dir='ltr'>Gigantes,</span> <span class='ocrx_word' id='word_1_11' title='bbox 1443 753 1568 838; x_wconf 82' lang='lat' dir='ltr'><strong>Hydra)</strong></span> 
     </span>
     <span class='ocr_line' id='line_1_5' title="bbox 347 862 864 935; baseline 0.015 -10"><span class='ocrx_word' id='word_1_12' title='bbox 347 887 350 892; x_wconf 95' lang='lat'>·</span> <span class='ocrx_word' id='word_1_13' title='bbox 432 862 490 929; x_wconf 87' lang='lat' dir='ltr'>Sil.</span> <span class='ocrx_word' id='word_1_14' title='bbox 515 864 595 930; x_wconf 91' lang='lat' dir='ltr'>Pun.</span> <span class='ocrx_word' id='word_1_15' title='bbox 619 865 665 930; x_wconf 85' lang='lat' dir='ltr'>VI</span> <span class='ocrx_word' id='word_1_16' title='bbox 691 869 864 935; x_wconf 82' lang='grc'>181-184</span> 
     </span>
    </p>
   </div>
   <div class='ocr_carea' id='block_1_4' title="bbox 503 990 1382 1184">
    <p class='ocr_par' dir='ltr' id='par_1_4' title="bbox 503 990 1382 1184">
     <span class='ocr_line' id='line_1_6' title="bbox 504 990 1232 1080; baseline 0.016 -28"><span class='ocrx_word' id='word_1_17' title='bbox 504 990 631 1071; x_wconf 91' lang='lat' dir='ltr'>quantis</span> <span class='ocrx_word' id='word_1_18' title='bbox 655 991 769 1057; x_wconf 86' lang='lat' dir='ltr'>armati</span> <span class='ocrx_word' id='word_1_19' title='bbox 792 993 915 1060; x_wconf 87' lang='lat' dir='ltr'>caelum</span> <span class='ocrx_word' id='word_1_20' title='bbox 938 997 1056 1078; x_wconf 88' lang='lat' dir='ltr'>petiere</span> <span class='ocrx_word' id='word_1_21' title='bbox 1079 997 1232 1080; x_wconf 83' lang='lat' dir='ltr'>Gigantes</span> 
     </span>
     <span class='ocr_line' id='line_1_7' title="bbox 503 1097 1382 1184; baseline 0.016 -25"><span class='ocrx_word' id='word_1_22' title='bbox 503 1097 671 1178; x_wconf 84' lang='lat' dir='ltr'>anguibus,</span> <span class='ocrx_word' id='word_1_23' title='bbox 697 1100 751 1164; x_wconf 88' lang='lat' dir='ltr'>aut</span> <span class='ocrx_word' id='word_1_24' title='bbox 774 1103 911 1184; x_wconf 90' lang='lat' dir='ltr'>quantus</span> <span class='ocrx_word' id='word_1_25' title='bbox 934 1102 1053 1169; x_wconf 80' lang='lat' dir='ltr'>Lernae</span> <span class='ocrx_word' id='word_1_26' title='bbox 1077 1105 1209 1170; x_wconf 81' lang='lat' dir='ltr'>lassavit</span> <span class='ocrx_word' id='word_1_27' title='bbox 1230 1105 1264 1172; x_wconf 94' lang='lat' dir='ltr'>in</span> <span class='ocrx_word' id='word_1_28' title='bbox 1287 1108 1382 1174; x_wconf 88' lang='lat' dir='ltr'>undis</span> 
     </span>
    </p>
   </div>
   <div class='ocr_carea' id='block_1_5' title="bbox 503 1203 1337 1402">
    <p class='ocr_par' dir='ltr' id='par_1_5' title="bbox 503 1203 1337 1402">
     <span class='ocr_line' id='line_1_8' title="bbox 503 1203 1337 1296; baseline 0.013 -29"><span class='ocrx_word' id='word_1_29' title='bbox 503 1203 815 1288; x_wconf 74' lang='lat' dir='ltr'>Amphitryoniaden</span> <span class='ocrx_word' id='word_1_30' title='bbox 831 1227 969 1293; x_wconf 84' lang='lat' dir='ltr'>serpens,</span> <span class='ocrx_word' id='word_1_31' title='bbox 994 1212 1162 1296; x_wconf 90' lang='lat' dir='ltr'>qualisque</span> <span class='ocrx_word' id='word_1_32' title='bbox 1186 1213 1337 1280; x_wconf 91' lang='lat' dir='ltr'>comantis</span> 
     </span>
     <span class='ocr_line' id='line_1_9' title="bbox 503 1313 1187 1402; baseline 0.016 -28"><span class='ocrx_word' id='word_1_33' title='bbox 503 1329 578 1376; x_wconf 88' lang='lat' dir='ltr'>auro</span> <span class='ocrx_word' id='word_1_34' title='bbox 602 1313 738 1379; x_wconf 84' lang='lat' dir='ltr'>servavit</span> <span class='ocrx_word' id='word_1_35' title='bbox 760 1334 864 1380; x_wconf 89' lang='lat' dir='ltr'>ramos</span> <span class='ocrx_word' id='word_1_36' title='bbox 887 1316 1039 1383; x_wconf 80' lang='lat' dir='ltr'>Iunonius</span> <span class='ocrx_word' id='word_1_37' title='bbox 1063 1319 1187 1402; x_wconf 87' lang='lat' dir='ltr'>anguis.</span> 
     </span>
    </p>
   </div>
   <div class='ocr_carea' id='block_1_6' title="bbox 799 1493 1052 1565">
    <p class='ocr_par' dir='ltr' id='par_1_6' title="bbox 799 1493 1052 1565">
     <span class='ocr_line' id='line_1_10' title="bbox 799 1493 1052 1565; baseline -0.008 -1"><span class='ocrx_word' id='word_1_38' title='bbox 799 1557 802 1564; x_wconf 86' lang='lat'>.</span> <span class='ocrx_word' id='word_1_39' title='bbox 859 1493 1052 1565; x_wconf 82' lang='lat' dir='ltr'>Minerva.</span> 
     </span>
    </p>
   </div>
   <div class='ocr_carea' id='block_1_7' title="bbox 430 1613 1158 1792">
    <p class='ocr_par' dir='ltr' id='par_1_7' title="bbox 430 1613 1158 1792">
     <span class='ocr_line' id='line_1_11' title="bbox 430 1613 1158 1708; baseline 0.012 -31"><span class='ocrx_word' id='word_1_40' title='bbox 430 1613 555 1678; x_wconf 89' lang='lat' dir='ltr'>Labor</span> <span class='ocrx_word' id='word_1_41' title='bbox 577 1614 633 1698; x_wconf 84' lang='lat' dir='ltr'>(cs.</span> <span class='ocrx_word' id='word_1_42' title='bbox 658 1615 783 1699; x_wconf 78' lang='lat' dir='ltr'>Apollo,</span> <span class='ocrx_word' id='word_1_43' title='bbox 807 1619 985 1704; x_wconf 88' lang='lat' dir='ltr'>Neptunus,</span> <span class='ocrx_word' id='word_1_44' title='bbox 1010 1619 1158 1708; x_wconf 84' lang='lat' dir='ltr'>Cyclops)</span> 
     </span>
     <span class='ocr_line' id='line_1_12' title="bbox 432 1720 936 1792; baseline 0.016 -8"><span class='ocrx_word' id='word_1_45' title='bbox 432 1721 506 1785; x_wconf 90' lang='lat' dir='ltr'>Luc.</span> <span class='ocrx_word' id='word_1_46' title='bbox 531 1720 641 1787; x_wconf 90' lang='lat' dir='ltr'>Phars.</span> <span class='ocrx_word' id='word_1_47' title='bbox 665 1723 727 1789; x_wconf 87' lang='lat' dir='ltr'>VII</span> <span class='ocrx_word' id='word_1_48' title='bbox 752 1727 936 1792; x_wconf 82' lang='lat'>145-150.</span> 
     </span>
    </p>
   </div>
   <div class='ocr_carea' id='block_1_8' title="bbox 827 1901 1082 1992">
    <p class='ocr_par' dir='ltr' id='par_1_8' title="bbox 827 1901 1082 1992">
     <span class='ocr_line' id='line_1_13' title="bbox 827 1901 1082 1992; baseline 0.016 -22"><span class='ocrx_word' id='word_1_49' title='bbox 827 1901 1082 1992; x_wconf 78' lang='lat' dir='ltr'>Proserpina.</span> 
     </span>
    </p>
   </div>
   <div class='ocr_carea' id='block_1_9' title="bbox 344 2024 1570 2652">
    <p class='ocr_par' dir='ltr' id='par_1_9' title="bbox 344 2024 1570 2652">
     <span class='ocr_line' id='line_1_14' title="bbox 431 2024 1570 2118; baseline 0.011 -30"><span class='ocrx_word' id='word_1_50' title='bbox 431 2024 593 2108; x_wconf 86' lang='lat' dir='ltr'>Vagatio</span> <span class='ocrx_word' id='word_1_51' title='bbox 617 2025 745 2093; x_wconf 87' lang='lat' dir='ltr'>Medeae</span> <span class='ocrx_word' id='word_1_52' title='bbox 768 2027 900 2114; x_wconf 88' lang='lat' dir='ltr'>virginis</span> <span class='ocrx_word' id='word_1_53' title='bbox 918 2031 1041 2118; x_wconf 88' lang='lat' dir='ltr'>aequali</span> <span class='ocrx_word' id='word_1_54' title='bbox 1058 2031 1243 2116; x_wconf 84' lang='lat' dir='ltr'>Scythidum</span> <span class='ocrx_word' id='word_1_55' title='bbox 1260 2033 1429 2100; x_wconf 90' lang='lat' dir='ltr'>comitante</span> <span class='ocrx_word' id='word_1_56' title='bbox 1445 2037 1570 2100; x_wconf 86' lang='lat' dir='ltr'>caterva</span> 
     </span>
     <span class='ocr_line' id='line_1_15' title="bbox 344 2131 527 2216; baseline 0.011 -20"><span class='ocrx_word' id='word_1_57' title='bbox 344 2131 527 2216; x_wconf 87' lang='lat' dir='ltr'>depingitur</span> 
     </span>
     <span class='ocr_line' id='line_1_16' title="bbox 431 2239 980 2325; baseline 0.013 -22"><span class='ocrx_word' id='word_1_58' title='bbox 431 2239 501 2306; x_wconf 83' lang='lat' dir='ltr'>Val.</span> <span class='ocrx_word' id='word_1_59' title='bbox 526 2240 628 2306; x_wconf 85' lang='lat' dir='ltr'>Flacc.</span> <span class='ocrx_word' id='word_1_60' title='bbox 653 2241 729 2325; x_wconf 88' lang='lat' dir='ltr'>Arg.</span> <span class='ocrx_word' id='word_1_61' title='bbox 754 2243 782 2308; x_wconf 89' lang='lat' dir='ltr'>V</span> <span class='ocrx_word' id='word_1_62' title='bbox 807 2245 980 2310; x_wconf 87' lang='grc'><strong>343-347</strong></span> 
     </span>
     <span class='ocr_line' id='line_1_17' title="bbox 502 2347 1293 2437; baseline 0.009 -25"><span class='ocrx_word' id='word_1_63' title='bbox 502 2347 596 2413; x_wconf 90' lang='lat' dir='ltr'>florea</span> <span class='ocrx_word' id='word_1_64' title='bbox 620 2365 675 2432; x_wconf 89' lang='lat' dir='ltr'>per</span> <span class='ocrx_word' id='word_1_65' title='bbox 697 2351 786 2414; x_wconf 89' lang='lat' dir='ltr'>verni</span> <span class='ocrx_word' id='word_1_66' title='bbox 810 2351 913 2433; x_wconf 89' lang='lat' dir='ltr'>qualis</span> <span class='ocrx_word' id='word_1_67' title='bbox 937 2351 1013 2433; x_wconf 90' lang='lat' dir='ltr'>iuga</span> <span class='ocrx_word' id='word_1_68' title='bbox 1037 2353 1126 2417; x_wconf 85' lang='lat' dir='ltr'>duxit</span> <span class='ocrx_word' id='word_1_69' title='bbox 1149 2353 1293 2437; x_wconf 89' lang='lat' dir='ltr'>Hymetti</span> 
     </span>
     <span class='ocr_line' id='line_1_18' title="bbox 503 2455 1442 2542; baseline 0.009 -23"><span class='ocrx_word' id='word_1_70' title='bbox 503 2456 558 2520; x_wconf 91' lang='lat' dir='ltr'>aut</span> <span class='ocrx_word' id='word_1_71' title='bbox 581 2455 687 2521; x_wconf 85' lang='lat' dir='ltr'>Sicula</span> <span class='ocrx_word' id='word_1_72' title='bbox 710 2459 769 2523; x_wconf 91' lang='lat' dir='ltr'>sub</span> <span class='ocrx_word' id='word_1_73' title='bbox 792 2477 871 2541; x_wconf 90' lang='lat' dir='ltr'>rupe</span> <span class='ocrx_word' id='word_1_74' title='bbox 895 2458 1002 2523; x_wconf 92' lang='lat' dir='ltr'>choros</span> <span class='ocrx_word' id='word_1_75' title='bbox 1027 2459 1100 2524; x_wconf 93' lang='lat' dir='ltr'>hinc</span> <span class='ocrx_word' id='word_1_76' title='bbox 1124 2461 1286 2542; x_wconf 87' lang='lat' dir='ltr'>gressibus</span> <span class='ocrx_word' id='word_1_77' title='bbox 1311 2463 1442 2528; x_wconf 90' lang='lat' dir='ltr'>haerens</span> 
     </span>
     <span class='ocr_line' id='line_1_19' title="bbox 502 2561 1356 2652; baseline 0.009 -25"><span class='ocrx_word' id='word_1_78' title='bbox 502 2561 650 2627; x_wconf 87' lang='lat' dir='ltr'>Pallados</span> <span class='ocrx_word' id='word_1_79' title='bbox 674 2563 749 2629; x_wconf 93' lang='lat' dir='ltr'>hinc</span> <span class='ocrx_word' id='word_1_80' title='bbox 772 2583 861 2630; x_wconf 87' lang='lat' dir='ltr'>carae</span> <span class='ocrx_word' id='word_1_81' title='bbox 884 2564 1071 2649; x_wconf 86' lang='lat' dir='ltr'>Proserpina</span> <span class='ocrx_word' id='word_1_82' title='bbox 1094 2568 1203 2632; x_wconf 91' lang='lat' dir='ltr'>iuncta</span> <span class='ocrx_word' id='word_1_83' title='bbox 1225 2568 1356 2652; x_wconf 90' lang='lat' dir='ltr'>Dianae,</span> 
     </span>
    </p>
   </div>
   <div class='ocr_carea' id='block_1_10' title="bbox 417 2668 1335 2868">
    <p class='ocr_par' dir='ltr' id='par_1_10' title="bbox 417 2668 1335 2868">
     <span class='ocr_line' id='line_1_20' title="bbox 417 2668 1314 2760; baseline 0.016 -34"><span class='ocrx_word' id='word_1_84' title='bbox 417 2723 418 2726; x_wconf 74' lang='grc'>,</span> <span class='ocrx_word' id='word_1_85' title='bbox 503 2668 598 2734; x_wconf 90' lang='lat' dir='ltr'>altior</span> <span class='ocrx_word' id='word_1_86' title='bbox 620 2689 655 2734; x_wconf 89' lang='lat' dir='ltr'>ac</span> <span class='ocrx_word' id='word_1_87' title='bbox 678 2670 769 2735; x_wconf 91' lang='lat' dir='ltr'>nulla</span> <span class='ocrx_word' id='word_1_88' title='bbox 792 2671 942 2736; x_wconf 89' lang='lat' dir='ltr'>comitum</span> <span class='ocrx_word' id='word_1_89' title='bbox 966 2674 1105 2739; x_wconf 84' lang='lat' dir='ltr'>certante</span> <span class='ocrx_word' id='word_1_90' title='bbox 1127 2674 1314 2760; x_wconf 88' lang='lat' dir='ltr'>prinsquam</span> 
     </span>
     <span class='ocr_line' id='line_1_21' title="bbox 504 2775 1335 2868; baseline 0.007 -28"><span class='ocrx_word' id='word_1_91' title='bbox 504 2775 619 2858; x_wconf 91' lang='lat' dir='ltr'>palluit</span> <span class='ocrx_word' id='word_1_92' title='bbox 642 2778 674 2841; x_wconf 91' lang='lat' dir='ltr'>et</span> <span class='ocrx_word' id='word_1_93' title='bbox 697 2777 763 2843; x_wconf 89' lang='lat' dir='ltr'>viso</span> <span class='ocrx_word' id='word_1_94' title='bbox 786 2778 898 2860; x_wconf 90' lang='lat' dir='ltr'>pulsus</span> <span class='ocrx_word' id='word_1_95' title='bbox 923 2779 1014 2845; x_wconf 90' lang='lat' dir='ltr'>decor</span> <span class='ocrx_word' id='word_1_96' title='bbox 1037 2782 1138 2846; x_wconf 91' lang='lat' dir='ltr'>omnis</span> <span class='ocrx_word' id='word_1_97' title='bbox 1162 2781 1335 2868; x_wconf 74' lang='lat' dir='ltr'>Avern02).</span> 
     </span>
    </p>
   </div>
   <div class='ocr_carea' id='block_1_11' title="bbox 796 2953 1116 3045">
    <p class='ocr_par' dir='ltr' id='par_1_11' title="bbox 796 2953 1116 3045">
     <span class='ocr_line' id='line_1_22' title="bbox 796 2953 1116 3045; baseline 0.013 -20"><span class='ocrx_word' id='word_1_98' title='bbox 796 2953 901 3025; x_wconf 84' lang='lat' dir='ltr'>Galli</span> <span class='ocrx_word' id='word_1_99' title='bbox 931 2955 1116 3045; x_wconf 87' lang='lat' dir='ltr'>Cybeles.</span> 
     </span>
    </p>
   </div>
   <div class='ocr_carea' id='block_1_12' title="bbox 342 3071 1072 3255">
    <p class='ocr_par' dir='ltr' id='par_1_12' title="bbox 342 3071 1072 3255">
     <span class='ocr_line' id='line_1_23' title="bbox 348 3071 1072 3164; baseline 0.011 -22"><span class='ocrx_word' id='word_1_100' title='bbox 348 3071 350 3074; x_wconf 68' lang='grc'><strong>’</strong></span> <span class='ocrx_word' id='word_1_101' title='bbox 432 3079 586 3144; x_wconf 90' lang='lat' dir='ltr'>Insania</span> <span class='ocrx_word' id='word_1_102' title='bbox 608 3080 715 3146; x_wconf 90' lang='lat' dir='ltr'>subita</span> <span class='ocrx_word' id='word_1_103' title='bbox 738 3081 861 3164; x_wconf 89' lang='lat' dir='ltr'>capitur</span> <span class='ocrx_word' id='word_1_104' title='bbox 883 3083 1072 3151; x_wconf 82' lang='lat' dir='ltr'>Thiodamas</span> 
     </span>
     <span class='ocr_line' id='line_1_24' title="bbox 342 3185 883 3255; baseline 0.007 -4"><span class='ocrx_word' id='word_1_105' title='bbox 342 3187 345 3194; x_wconf 79' lang='grc'><strong><em>’</em></strong></span> <span class='ocrx_word' id='word_1_106' title='bbox 433 3185 510 3252; x_wconf 81' lang='lat' dir='ltr'>stat.</span> <span class='ocrx_word' id='word_1_107' title='bbox 533 3187 631 3254; x_wconf 82' lang='lat' dir='ltr'>Theb.</span> <span class='ocrx_word' id='word_1_108' title='bbox 655 3186 685 3252; x_wconf 91' lang='lat' dir='ltr'>X</span> <span class='ocrx_word' id='word_1_109' title='bbox 710 3190 883 3255; x_wconf 77' lang='lat' dir='ltr'>llo-175</span> 
     </span>
    </p>
   </div>
   <div class='ocr_carea' id='block_1_13' title="bbox 504 3293 1336 3380">
    <p class='ocr_par' dir='ltr' id='par_1_13' title="bbox 504 3293 1336 3380">
     <span class='ocr_line' id='line_1_25' title="bbox 504 3293 1336 3380; baseline 0.007 -22"><span class='ocrx_word' id='word_1_110' title='bbox 504 3293 549 3358; x_wconf 90' lang='lat' dir='ltr'>sic</span> <span class='ocrx_word' id='word_1_111' title='bbox 572 3294 700 3378; x_wconf 89' lang='lat' dir='ltr'>Phryga</span> <span class='ocrx_word' id='word_1_112' title='bbox 722 3296 866 3362; x_wconf 85' lang='lat' dir='ltr'>terrificis</span> <span class='ocrx_word' id='word_1_113' title='bbox 891 3299 1033 3380; x_wconf 85' lang='lat' dir='ltr'>genetrix</span> <span class='ocrx_word' id='word_1_114' title='bbox 1054 3298 1148 3364; x_wconf 87' lang='lat' dir='ltr'>Idaea</span> <span class='ocrx_word' id='word_1_115' title='bbox 1172 3301 1336 3364; x_wconf 88' lang='lat' dir='ltr'>cruentum</span> 
     </span>
    </p>
   </div>
   <div class='ocr_carea' id='block_1_14' title="bbox 340 3433 1572 4674">
    <p class='ocr_par' dir='ltr' id='par_1_14' title="bbox 432 3433 1565 3510">
     <span class='ocr_line' id='line_1_26' title="bbox 432 3433 1565 3510; baseline 0.001 -21"><span class='ocrx_word' id='word_1_116' title='bbox 432 3434 454 3504; x_wconf 94' lang='lat'>¹)</span> <span class='ocrx_word' id='word_1_117' title='bbox 472 3433 541 3500; x_wconf 81' lang='lat' dir='ltr'>Quis</span> <span class='ocrx_word' id='word_1_118' title='bbox 561 3439 635 3490; x_wconf 90' lang='lat' dir='ltr'>esset</span> <span class='ocrx_word' id='word_1_119' title='bbox 652 3436 785 3493; x_wconf 87' lang='lat' dir='ltr'>Innonius</span> <span class='ocrx_word' id='word_1_120' title='bbox 805 3441 912 3510; x_wconf 82' lang='lat' dir='ltr'>anguis,</span> <span class='ocrx_word' id='word_1_121' title='bbox 930 3457 973 3494; x_wconf 90' lang='lat' dir='ltr'>me</span> <span class='ocrx_word' id='word_1_122' title='bbox 992 3439 1088 3494; x_wconf 91' lang='lat' dir='ltr'>docuit</span> <span class='ocrx_word' id='word_1_123' title='bbox 1106 3439 1138 3493; x_wconf 81' lang='lat' dir='ltr'>lt.</span> <span class='ocrx_word' id='word_1_124' title='bbox 1157 3437 1286 3492; x_wconf 77' lang='lat' dir='ltr'>Poerster</span> <span class='ocrx_word' id='word_1_125' title='bbox 1304 3435 1398 3491; x_wconf 83' lang='lat' dir='ltr'>allatis</span> <span class='ocrx_word' id='word_1_126' title='bbox 1416 3435 1461 3490; x_wconf 88' lang='lat' dir='ltr'>bis</span> <span class='ocrx_word' id='word_1_127' title='bbox 1479 3435 1565 3490; x_wconf 90' lang='lat' dir='ltr'>locis:</span> 
     </span>
    </p>

    <p class='ocr_par' dir='ltr' id='par_1_15' title="bbox 342 3524 1279 3682">
     <span class='ocr_line' id='line_1_27' title="bbox 342 3524 644 3597; baseline 0 -16"><span class='ocrx_word' id='word_1_128' title='bbox 342 3524 426 3597; x_wconf 83' lang='lat' dir='ltr'>Verg.</span> <span class='ocrx_word' id='word_1_129' title='bbox 446 3524 514 3582; x_wconf 83' lang='lat' dir='ltr'>Aen.</span> <span class='ocrx_word' id='word_1_130' title='bbox 532 3525 574 3583; x_wconf 83' lang='lat' dir='ltr'>lv</span> <span class='ocrx_word' id='word_1_131' title='bbox 591 3526 644 3581; x_wconf 79' lang='lat'>485</span> 
     </span>
     <span class='ocr_line' id='line_1_28' title="bbox 628 3616 1279 3682; baseline -0.003 -12"><span class='ocrx_word' id='word_1_132' title='bbox 628 3655 635 3670; x_wconf 90' lang='lat'>.</span> <span class='ocrx_word' id='word_1_133' title='bbox 655 3656 661 3669; x_wconf 95' lang='lat'>.</span> <span class='ocrx_word' id='word_1_134' title='bbox 682 3656 688 3670; x_wconf 90' lang='lat'>.</span> <span class='ocrx_word' id='word_1_135' title='bbox 708 3621 737 3670; x_wconf 89' lang='lat' dir='ltr'>et</span> <span class='ocrx_word' id='word_1_136' title='bbox 756 3633 849 3672; x_wconf 87' lang='lat' dir='ltr'>sacros</span> <span class='ocrx_word' id='word_1_137' title='bbox 869 3617 997 3671; x_wconf 81' lang='lat' dir='ltr'>servabat</span> <span class='ocrx_word' id='word_1_138' title='bbox 1015 3617 1044 3669; x_wconf 92' lang='lat' dir='ltr'>in</span> <span class='ocrx_word' id='word_1_139' title='bbox 1064 3616 1160 3670; x_wconf 87' lang='lat' dir='ltr'>arbore</span> <span class='ocrx_word' id='word_1_140' title='bbox 1178 3629 1279 3682; x_wconf 88' lang='lat' dir='ltr'>ramos,</span> 
     </span>
    </p>

    <p class='ocr_par' dir='ltr' id='par_1_16' title="bbox 343 3701 1569 4219">
     <span class='ocr_line' id='line_1_29' title="bbox 343 3701 1566 3776; baseline -0.002 -17"><span class='ocrx_word' id='word_1_141' title='bbox 343 3721 424 3776; x_wconf 87' lang='lat' dir='ltr'>quem</span> <span class='ocrx_word' id='word_1_142' title='bbox 451 3705 542 3759; x_wconf 90' lang='lat' dir='ltr'>locum</span> <span class='ocrx_word' id='word_1_143' title='bbox 568 3703 688 3775; x_wconf 86' lang='lat' dir='ltr'>explicat</span> <span class='ocrx_word' id='word_1_144' title='bbox 717 3703 828 3760; x_wconf 82' lang='lat' dir='ltr'>Servius</span> <span class='ocrx_word' id='word_1_145' title='bbox 846 3705 891 3759; x_wconf 94' lang='lat' dir='ltr'>bis</span> <span class='ocrx_word' id='word_1_146' title='bbox 910 3705 1014 3760; x_wconf 87' lang='lat' dir='ltr'>verbis:</span> <span class='ocrx_word' id='word_1_147' title='bbox 1043 3721 1104 3759; x_wconf 92' lang='lat' dir='ltr'>cum</span> <span class='ocrx_word' id='word_1_148' title='bbox 1122 3703 1236 3774; x_wconf 84' lang='lat' dir='ltr'>nuptiae</span> <span class='ocrx_word' id='word_1_149' title='bbox 1261 3703 1375 3758; x_wconf 91' lang='lat' dir='ltr'>Iunonis</span> <span class='ocrx_word' id='word_1_150' title='bbox 1398 3701 1566 3758; x_wconf 87' lang='lat' dir='ltr'>celebraren-</span> 
     </span>
     <span class='ocr_line' id='line_1_30' title="bbox 343 3792 1567 3864; baseline -0.002 -16"><span class='ocrx_word' id='word_1_151' title='bbox 343 3799 388 3848; x_wconf 86' lang='lat' dir='ltr'>tur</span> <span class='ocrx_word' id='word_1_152' title='bbox 412 3811 558 3864; x_wconf 89' lang='lat' dir='ltr'>omnesque</span> <span class='ocrx_word' id='word_1_153' title='bbox 577 3793 617 3847; x_wconf 93' lang='lat' dir='ltr'>dii</span> <span class='ocrx_word' id='word_1_154' title='bbox 642 3794 670 3847; x_wconf 91' lang='lat' dir='ltr'>in</span> <span class='ocrx_word' id='word_1_155' title='bbox 694 3792 826 3848; x_wconf 91' lang='lat' dir='ltr'>honorem</span> <span class='ocrx_word' id='word_1_156' title='bbox 850 3795 907 3847; x_wconf 89' lang='lat' dir='ltr'>eius</span> <span class='ocrx_word' id='word_1_157' title='bbox 932 3792 1087 3848; x_wconf 78' lang='lat' dir='ltr'>conferrent</span> <span class='ocrx_word' id='word_1_158' title='bbox 1109 3808 1235 3862; x_wconf 87' lang='lat' dir='ltr'>munera,</span> <span class='ocrx_word' id='word_1_159' title='bbox 1264 3792 1367 3847; x_wconf 83' lang='lat' dir='ltr'>Terra</span> <span class='ocrx_word' id='word_1_160' title='bbox 1390 3794 1419 3848; x_wconf 94' lang='lat' dir='ltr'>in</span> <span class='ocrx_word' id='word_1_161' title='bbox 1439 3793 1567 3848; x_wconf 85' lang='lat' dir='ltr'>extremis</span> 
     </span>
     <span class='ocr_line' id='line_1_31' title="bbox 343 3881 1567 3953; baseline -0.002 -15"><span class='ocrx_word' id='word_1_162' title='bbox 343 3883 454 3938; x_wconf 83' lang='lat' dir='ltr'>Africae</span> <span class='ocrx_word' id='word_1_163' title='bbox 472 3882 631 3952; x_wconf 88' lang='lat' dir='ltr'>regionibus</span> <span class='ocrx_word' id='word_1_164' title='bbox 652 3881 762 3936; x_wconf 88' lang='lat' dir='ltr'>edidit</span> <span class='ocrx_word' id='word_1_165' title='bbox 781 3882 906 3936; x_wconf 87' lang='lat' dir='ltr'>arborem</span> <span class='ocrx_word' id='word_1_166' title='bbox 924 3899 1007 3953; x_wconf 87' lang='lat' dir='ltr'>poma</span> <span class='ocrx_word' id='word_1_167' title='bbox 1024 3899 1108 3937; x_wconf 88' lang='lat' dir='ltr'>aurea</span> <span class='ocrx_word' id='word_1_168' title='bbox 1126 3881 1277 3937; x_wconf 84' lang='lat' dir='ltr'>ferentem:</span> <span class='ocrx_word' id='word_1_169' title='bbox 1306 3881 1375 3937; x_wconf 89' lang='lat' dir='ltr'>haec</span> <span class='ocrx_word' id='word_1_170' title='bbox 1395 3897 1457 3937; x_wconf 91' lang='lat' dir='ltr'>cum</span> <span class='ocrx_word' id='word_1_171' title='bbox 1476 3881 1567 3937; x_wconf 88' lang='lat' dir='ltr'>decer·</span> 
     </span>
     <span class='ocr_line' id='line_1_32' title="bbox 343 3967 1567 4045; baseline -0.002 -18"><span class='ocrx_word' id='word_1_172' title='bbox 343 3976 440 4045; x_wconf 86' lang='lat' dir='ltr'>perant</span> <span class='ocrx_word' id='word_1_173' title='bbox 454 3970 630 4042; x_wconf 86' lang='lat' dir='ltr'>Hesperides,</span> <span class='ocrx_word' id='word_1_174' title='bbox 648 3967 771 4024; x_wconf 87' lang='lat' dir='ltr'>Atlantis</span> <span class='ocrx_word' id='word_1_175' title='bbox 786 3971 844 4025; x_wconf 83' lang='lat' dir='ltr'>sive</span> <span class='ocrx_word' id='word_1_176' title='bbox 856 3969 974 4041; x_wconf 88' lang='lat' dir='ltr'>Hesperi</span> <span class='ocrx_word' id='word_1_177' title='bbox 987 3971 1071 4041; x_wconf 86' lang='lat' dir='ltr'>filiae,</span> <span class='ocrx_word' id='word_1_178' title='bbox 1085 3971 1227 4026; x_wconf 89' lang='lat' dir='ltr'>custodem</span> <span class='ocrx_word' id='word_1_179' title='bbox 1241 3970 1364 4026; x_wconf 91' lang='lat' dir='ltr'>eiusdem</span> <span class='ocrx_word' id='word_1_180' title='bbox 1377 3972 1484 4028; x_wconf 81' lang='lat' dir='ltr'>arboris</span> <span class='ocrx_word' id='word_1_181' title='bbox 1497 3970 1567 4026; x_wconf 92' lang='lat' dir='ltr'>Iuno</span> 
     </span>
     <span class='ocr_line' id='line_1_33' title="bbox 344 4058 1569 4130; baseline -0.003 -14"><span class='ocrx_word' id='word_1_182' title='bbox 344 4061 449 4116; x_wconf 82' lang='lat' dir='ltr'>offensa</span> <span class='ocrx_word' id='word_1_183' title='bbox 468 4076 565 4116; x_wconf 88' lang='lat' dir='ltr'>munus</span> <span class='ocrx_word' id='word_1_184' title='bbox 584 4058 700 4130; x_wconf 92' lang='lat' dir='ltr'>spoliari</span> <span class='ocrx_word' id='word_1_185' title='bbox 719 4075 798 4114; x_wconf 88' lang='lat' dir='ltr'>suum</span> <span class='ocrx_word' id='word_1_186' title='bbox 816 4060 846 4114; x_wconf 94' lang='lat' dir='ltr'>in</span> <span class='ocrx_word' id='word_1_187' title='bbox 864 4064 968 4115; x_wconf 89' lang='lat' dir='ltr'>metum</span> <span class='ocrx_word' id='word_1_188' title='bbox 987 4077 1079 4116; x_wconf 86' lang='lat' dir='ltr'>earum</span> <span class='ocrx_word' id='word_1_189' title='bbox 1092 4061 1171 4116; x_wconf 91' lang='lat' dir='ltr'>misit</span> <span class='ocrx_word' id='word_1_190' title='bbox 1183 4059 1328 4116; x_wconf 78' lang='lat' dir='ltr'>dmconem</span> <span class='ocrx_word' id='word_1_191' title='bbox 1341 4062 1503 4128; x_wconf 82' lang='lat' dir='ltr'>insomnem,</span> <span class='ocrx_word' id='word_1_192' title='bbox 1521 4061 1569 4130; x_wconf 87' lang='lat' dir='ltr'>qui</span> 
     </span>
     <span class='ocr_line' id='line_1_34' title="bbox 344 4147 1079 4219; baseline 0 -15"><span class='ocrx_word' id='word_1_193' title='bbox 344 4151 470 4206; x_wconf 91' lang='lat' dir='ltr'>omnibus</span> <span class='ocrx_word' id='word_1_194' title='bbox 489 4149 617 4203; x_wconf 91' lang='lat' dir='ltr'>noctibus</span> <span class='ocrx_word' id='word_1_195' title='bbox 637 4147 788 4219; x_wconf 87' lang='lat' dir='ltr'>diebusque</span> <span class='ocrx_word' id='word_1_196' title='bbox 808 4149 963 4204; x_wconf 80' lang='lat' dir='ltr'>custodiret</span> <span class='ocrx_word' id='word_1_197' title='bbox 980 4166 1079 4204; x_wconf 90' lang='lat' dir='ltr'>ramos.</span> 
     </span>
    </p>

    <p class='ocr_par' dir='ltr' id='par_1_17' title="bbox 340 4237 1570 4400">
     <span class='ocr_line' id='line_1_35' title="bbox 432 4237 1570 4312; baseline -0.002 -20"><span class='ocrx_word' id='word_1_198' title='bbox 432 4238 473 4292; x_wconf 85' lang='lat' dir='ltr'>Ex</span> <span class='ocrx_word' id='word_1_199' title='bbox 498 4237 593 4293; x_wconf 91' lang='lat' dir='ltr'>eodem</span> <span class='ocrx_word' id='word_1_200' title='bbox 617 4237 694 4292; x_wconf 86' lang='lat' dir='ltr'>fonte</span> <span class='ocrx_word' id='word_1_201' title='bbox 718 4238 830 4294; x_wconf 80' lang='lat' dir='ltr'>fluxisse</span> <span class='ocrx_word' id='word_1_202' title='bbox 853 4238 962 4294; x_wconf 87' lang='lat' dir='ltr'>videtur</span> <span class='ocrx_word' id='word_1_203' title='bbox 985 4238 1076 4310; x_wconf 87' lang='lat' dir='ltr'>Apoll.</span> <span class='ocrx_word' id='word_1_204' title='bbox 1093 4239 1170 4312; x_wconf 77' lang='grc' dir='ltr'><strong><em>βιβλ.</em></strong></span> <span class='ocrx_word' id='word_1_205' title='bbox 1188 4238 1218 4292; x_wconf 91' lang='grc' dir='ltr'><strong><em>Π</em></strong></span> <span class='ocrx_word' id='word_1_206' title='bbox 1238 4239 1290 4295; x_wconf 86' lang='grc'>113</span> <span class='ocrx_word' id='word_1_207' title='bbox 1309 4239 1406 4308; x_wconf 83' lang='lat'>(5,11):</span> <span class='ocrx_word' id='word_1_208' title='bbox 1425 4237 1445 4292; x_wconf 83' lang='grc' dir='ltr'>ἃ</span> <span class='ocrx_word' id='word_1_209' title='bbox 1463 4237 1513 4305; x_wconf 89' lang='lat' dir='ltr'>(sc.</span> <span class='ocrx_word' id='word_1_210' title='bbox 1533 4237 1570 4291; x_wconf 83' lang='grc' dir='ltr'>τὰ</span> 
     </span>
     <span class='ocr_line' id='line_1_36' title="bbox 340 4326 1071 4400; baseline 0.004 -16"><span class='ocrx_word' id='word_1_211' title='bbox 340 4329 432 4400; x_wconf 74' lang='grc' dir='ltr'><em>μῆλα)</em></span> <span class='ocrx_word' id='word_1_212' title='bbox 453 4328 572 4398; x_wconf 80' lang='grc' dir='ltr'><em>&lt;Γῆ&gt;</em></span> <span class='ocrx_word' id='word_1_213' title='bbox 589 4327 715 4398; x_wconf 79' lang='grc' dir='ltr'><strong><em>γήμαντι</em></strong></span> <span class='ocrx_word' id='word_1_214' title='bbox 733 4327 834 4399; x_wconf 83' lang='grc' dir='ltr'><strong><em>Ἥραν</em></strong></span> <span class='ocrx_word' id='word_1_215' title='bbox 851 4326 1071 4400; x_wconf 80' lang='grc' dir='ltr'><strong><em>ἐδωρήσατο.</em></strong></span> 
     </span>
    </p>

    <p class='ocr_par' dir='ltr' id='par_1_18' title="bbox 344 4413 1572 4578">
     <span class='ocr_line' id='line_1_37' title="bbox 433 4413 1572 4488; baseline -0.001 -18"><span class='ocrx_word' id='word_1_216' title='bbox 433 4416 475 4472; x_wconf 91' lang='lat' dir='ltr'>De</span> <span class='ocrx_word' id='word_1_217' title='bbox 494 4416 566 4472; x_wconf 89' lang='lat' dir='ltr'>malo</span> <span class='ocrx_word' id='word_1_218' title='bbox 585 4432 703 4488; x_wconf 83' lang='lat' dir='ltr'>sponsae</span> <span class='ocrx_word' id='word_1_219' title='bbox 722 4416 787 4472; x_wconf 90' lang='lat' dir='ltr'>dato</span> <span class='ocrx_word' id='word_1_220' title='bbox 802 4417 896 4473; x_wconf 85' lang='lat' dir='ltr'>confer</span> <span class='ocrx_word' id='word_1_221' title='bbox 908 4417 940 4472; x_wconf 88' lang='lat' dir='ltr'>R.</span> <span class='ocrx_word' id='word_1_222' title='bbox 953 4417 1116 4472; x_wconf 82' lang='lat' dir='ltr'>Foerstcr</span> <span class='ocrx_word' id='word_1_223' title='bbox 1136 4417 1207 4486; x_wconf 86' lang='lat' dir='ltr'>,Die</span> <span class='ocrx_word' id='word_1_224' title='bbox 1219 4417 1355 4472; x_wconf 85' lang='lat' dir='ltr'>Hochreit</span> <span class='ocrx_word' id='word_1_225' title='bbox 1368 4413 1415 4469; x_wconf 90' lang='lat' dir='ltr'>des</span> <span class='ocrx_word' id='word_1_226' title='bbox 1429 4416 1497 4470; x_wconf 86' lang='lat' dir='ltr'>Zeus</span> <span class='ocrx_word' id='word_1_227' title='bbox 1515 4414 1572 4469; x_wconf 92' lang='lat' dir='ltr'>und</span> 
     </span>
     <span class='ocr_line' id='line_1_38' title="bbox 344 4503 1571 4578; baseline -0.001 -18"><span class='ocrx_word' id='word_1_228' title='bbox 344 4505 393 4560; x_wconf 90' lang='lat' dir='ltr'>der</span> <span class='ocrx_word' id='word_1_229' title='bbox 409 4505 511 4574; x_wconf 81' lang='lat' dir='ltr'>Hera“,</span> <span class='ocrx_word' id='word_1_230' title='bbox 530 4507 688 4578; x_wconf 86' lang='lat' dir='ltr'>Programm</span> <span class='ocrx_word' id='word_1_231' title='bbox 709 4524 768 4562; x_wconf 86' lang='lat' dir='ltr'>aum</span> <span class='ocrx_word' id='word_1_232' title='bbox 793 4505 1082 4575; x_wconf 87' lang='lat' dir='ltr'>Winclselmannieste,</span> <span class='ocrx_word' id='word_1_233' title='bbox 1118 4506 1235 4561; x_wconf 88' lang='lat' dir='ltr'>Breslau</span> <span class='ocrx_word' id='word_1_234' title='bbox 1258 4506 1336 4573; x_wconf 77' lang='grc'>1867,</span> <span class='ocrx_word' id='word_1_235' title='bbox 1359 4521 1386 4576; x_wconf 92' lang='lat' dir='ltr'>p.</span> <span class='ocrx_word' id='word_1_236' title='bbox 1403 4504 1445 4572; x_wconf 86' lang='grc'>14,</span> <span class='ocrx_word' id='word_1_237' title='bbox 1466 4504 1508 4572; x_wconf 82' lang='grc'>15,</span> <span class='ocrx_word' id='word_1_238' title='bbox 1527 4503 1571 4560; x_wconf 74' lang='lat'>25.</span> 
     </span>
    </p>

    <p class='ocr_par' dir='ltr' id='par_1_19' title="bbox 433 4595 1083 4674">
     <span class='ocr_line' id='line_1_39' title="bbox 433 4595 1083 4674; baseline -0.002 -20"><span class='ocrx_word' id='word_1_239' title='bbox 433 4595 455 4668; x_wconf 69' lang='lat'>⁹)</span> <span class='ocrx_word' id='word_1_240' title='bbox 476 4597 517 4654; x_wconf 85' lang='lat' dir='ltr'>Oi.</span> <span class='ocrx_word' id='word_1_241' title='bbox 538 4595 635 4654; x_wconf 81' lang='lat' dir='ltr'>Claud.</span> <span class='ocrx_word' id='word_1_242' title='bbox 655 4596 689 4652; x_wconf 86' lang='lat' dir='ltr'>de</span> <span class='ocrx_word' id='word_1_243' title='bbox 707 4601 790 4671; x_wconf 87' lang='lat' dir='ltr'>raptu</span> <span class='ocrx_word' id='word_1_244' title='bbox 808 4596 885 4674; x_wconf 78' lang='lat' dir='ltr'>Pros.</span> <span class='ocrx_word' id='word_1_245' title='bbox 904 4597 950 4652; x_wconf 92' lang='lat' dir='ltr'>III</span> <span class='ocrx_word' id='word_1_246' title='bbox 969 4597 1083 4653; x_wconf 70' lang='grc' dir='ltr'>80-ὃᾶ</span> 
     </span>
    </p>
   </div>
   <div class='ocr_carea' id='block_1_15' title="bbox 0 0 1784 5298">
    <p class='ocr_par' dir='ltr' id='par_1_20' title="bbox 0 0 1784 5298">
     <span class='ocr_line' id='line_1_40' title="bbox 0 0 1784 5298; baseline 0 0"><span class='ocrx_word' id='word_1_247' title='bbox 0 0 1784 5298; x_wconf 95' lang='lat' dir='ltr'> </span> 
     </span>
    </p>
   </div>
  </div>
 </body>
</html>
