3522 5298
824 381 865 449 99

806 472 836 485 Η,
858 471 905 485 ..,.

322 597 427 664 salus
451 597 507 684 (cf.
533 597 651 684 Sirius)

321 705 393 772 Val,
417 706 521 772 Flaoc.
545 705 654 788 Argl
678 708 864 772 aaa-685.

751 935 941 1007 Piscator.

323 1062 492 1128 Insidias
517 1065 608 1144 parat
630 1061 789 1127 Hannibal
814 1061 963 1127 exercitui
985 1058 1125 1127 Romano
1148 1060 1271 1126 incluso

327 1188 382 1253 Sil.
408 1186 534 1253 PunV
558 1189 688 1253 47-52

394 1312 479 1377 haud
503 1331 592 1376 secus
617 1331 652 1376 ac
675 1311 790 1376 vif-reas
817 1310 927 1376 sollers
951 1312 1088 1393 piscator
1108 1299 1274 1384 ad'undas

394 1438 446 1484 ore
469 1419 570 1484 leuem
594 1419 702 1500 patulo
727 1420 833 1483 texens
859 1418 897 1483 da
920 1418 1037 1484 vimine
1061 1438 1187 1483 naseam

396 1526 519 1591 cautius
542 1525 692 1591 interiora
715 1525 795 1609 ligat
818 1525 1016 1608 mediamque
1041 1547 1096 1610 per
1120 1527 1225 1591 alvum

397 1633 515 1698 sensim
539 1632 696 1714 castigans
721 1652 897 1715 compressa
921 1633 1082 1698 cacumina
1106 1634 1204 1698 nectit

397 1759 432 1804 ac
456 1740 565 1804 fraude
589 1739 683 1804 artati
707 1759 845 1805 remeare
867 1738 1031 1805 foraminis
1057 1742 1140 1804 arcet

397 1847 528 1912 introitu
551 1846 688 1928 facilem,
713 1865 806 1930 quem
829 1847 925 1911 traxit
947 1847 985 1912 ab
1010 1866 1152 1929 aequore,
1177 1847 1311 1930 piscem3

315 1974 431 2037 esca:

329 2097 451 2162 levibus
475 2096 592 2180 pugnis
615 2096 776 2161 Hannibal
800 2097 976 2161 Minucium
999 2095 1118 2179 proelio
1141 2096 1269 2162 lacessit

329 2222 384 2286 Sil.
410 2223 489 2287 Pun.
508 2222 567 2286 Vll
592 2224 767 2289 500-503

397 2349 459 2394 non
484 2329 576 2394 aliter
600 2349 694 2411 quam
718 2329 774 2412 qui
798 2349 906 2412 sparsa
929 2348 985 2411 par
1008 2330 1120 2411 stagna
1143 2321 1291 2410 profundi

401 2438 507 2501 evocat
531 2455 547 2501 e
571 2435 701 2519 liquidis
725 2435 843 2517 piscem
868 2435 1081 2518 penetralibus
1107 2453 1187 2518 esca,

403 2562 537 2626 cumque
560 2541 662 2608 levem
685 2561 808 2607 summa
830 2541 912 2606 uidit
934 2542 997 2606 iam
1021 2561 1096 2606 nare
1120 2544 1178 2608 sub
1202 2541 1287 2606 unda
1347 2625 1350 2628 ,
1435 2583 1438 2588 -

404 2649 491 2714 ducit
515 2649 639 2714 sinuato
663 2649 822 2730 captivum
846 2649 885 2713 ad
910 2649 1002 2715 litora
1026 2649 1101 2714 lino.
1184 2729 1185 2736 ἵ

778 2880 936 2950 Saxum.

331 3004 521 3089 Repulsus
549 3007 726 3088 verborum,
767 3004 881 3087 quibus
906 3005 1082 3068 Phaedram
1110 3005 1215 3068 nutrix
1243 3003 1380 3087 mitigat,
1416 3006 1469 3070 de-

245 3111 394 3178 scribitur
726 3169 728 3175 ,

334 3219 405 3284 San.
430 3219 548 3286 Phaed.
567 3220 741 3286 580-582

403 3327 441 3390 ut
464 3327 542 3391 dura
565 3327 672 3392 cauas
695 3326 836 3411 undique
859 3323 1070 3390 intractabilis

406 3433 528 3498 resistit
551 3434 645 3498 undis
670 3436 701 3498 et
724 3431 912 3498 lacessentes
937 3451 1033 3514 aquas

405 3539 499 3624 longe
522 3541 666 3621 remittit,
690 3541 785 3606 verba
809 3539 854 3604 sic
879 3539 1001 3620 spernit
1023 3557 1109 3620 mea3

336 3683 444 3730 casus
468 3665 612 3748 lapidum
635 3684 708 3729 cum
732 3664 859 3746 scopulo
883 3665 992 3728 ruente
1016 3663 1175 3727 confertur

338 3788 394 3854 Sil.
419 3789 533 3854 Pun.l
556 3791 731 3855 370-372

623 3947 630 3961 .
656 3947 662 3961 .
689 3895 857 3980 ,Alpibus
882 3895 955 3960 altis

409 4002 510 4068 aeriae
533 4022 627 4085 rupes
652 4003 851 4085 scopulorum
874 4002 956 4067 mole
979 4003 1106 4068 revulsa

410 4111 493 4174 haud
517 4109 609 4175 aliter
633 4110 780 4175 scindunt
803 4109 963 4175 resonanti
985 4109 1141 4190 fragmine
1164 4109 1316 4188 montem3

339 4234 563 4315 magni-tudo
586 4233 726 4318 gigantis
751 4253 821 4299 saxo
847 4234 962 4300 similis
986 4237 1034 4298 est

341 4357 412 4423 Val.
436 4359 539 4424 Flacc.
564 4359 640 4441 Arg.
658 4360 701 4423 lv
726 4361 901 4424 aba-203

626 4516 632 4531 .
659 4516 666 4531 .
693 4518 699 4532 .
724 4467 826 4531 instar
849 4465 986 4548 scopuli,
1006 4464 1060 4547 qui
1083 4463 1242 4529 montibus
1268 4463 1342 4527 altis

414 4591 555 4636 summus
580 4574 646 4638 abit
671 4574 826 4656 longeque
849 4573 924 4657 iugo
949 4574 1011 4637 stat
1035 4571 1120 4636 solus
1145 4573 1183 4636 ab
1210 4571 1304 4635 omni.

1231 4677 1266 4730 7*
