3522 5298
907 403 949 466 54

856 612 994 682 Thule.

401 741 555 822 Pugnae
591 739 682 821 ratic,
715 759 777 824 qna
800 738 970 804 Masinissa
992 739 1105 823 utitur,
1137 739 1185 804 est
1214 739 1329 804 similis
1353 737 1467 804 rationi
1489 737 1538 803 in-

313 848 453 914 colamm
475 847 596 912 Thulae

402 953 460 1020 Sil.
483 954 564 1019 Puu.
581 952 670 1020 XVII
694 955 868 1019 416-417

473 1059 617 1125 caerulus
641 1059 726 1125 haud
749 1059 852 1142 allter,
876 1079 949 1124 cum
972 1059 1113 1141 dimicat,
1136 1057 1240 1125 incola
1262 1059 1379 1143 Thyles

474 1166 602 1250 agmina
624 1166 774 1251 falcigero
798 1166 1006 1232 circumvenit
1028 1167 1095 1232 arta
1118 1167 1259 1232 covinno.

824 1395 1033 1468 Vesuvius.

403 1523 555 1590 Effusio
579 1522 889 1604 Carthaginiensium
911 1523 1069 1598 confertur
1092 1543 1165 1590 cunr
1188 1523 1301 1588 cineris
1326 1522 1487 1606 sparsione

404 1630 461 1696 Sil.
485 1631 566 1695 Pun.
582 1629 673 1694 XVII
698 1631 871 1696 592-596
1379 1713 1382 1718 Ι

476 1736 601 1802 sicubi
626 1737 656 1800 vi
679 1754 770 1802 caeca
792 1737 920 1802 taudem
944 1735 1083 1801 devictus
1107 1737 1148 1802 ad
1172 1739 1256 1802 astra

477 1843 615 1909 evomuIt
638 1844 744 1927 pastos
769 1862 824 1926 per
847 1841 972 1908 saecula
994 1841 1129 1908 Vesbius
1152 1843 1254 1926 ignes,

477 1953 508 2016 et
530 1951 641 2034 pelago
665 1951 697 2015 et
720 1950 812 2015 terris
835 1950 907 2014 fusa
931 1951 979 2015 est
1001 1948 1157 2015 Vulcania
1179 1950 1289 2034 pestis,

477 2057 583 2122 videre
605 2055 673 2139 Eoi,
697 2057 872 2121 monstrum
896 2055 1094 2139 admirabile,
1118 2057 1210 2142 Seres

477 2163 635 2246 lanigeros
659 2161 761 2228 cinere
784 2162 924 2229 Ausonio
947 2181 1109 2229 canescere
1132 2164 1236 2244 lucos3

408 2288 610 2354 celeritate
632 2289 721 2352 tante
743 2287 870 2353 avolant
892 2288 1061 2372 Harpyiae,
1086 2290 1203 2371 quanta
1226 2287 1305 2352 cinis
1330 2288 1471 2353 aufertur

406 2394 477 2462 Val.
502 2396 604 2461 Flere.
628 2393 706 2477 Arg.
722 2394 766 2458 IV
791 2396 965 2461 cor-509

480 2501 562 2566 sicut
584 2501 728 2585 prorupti
750 2501 855 2566 tonuit
878 2521 950 2566 cum
972 2501 1052 2567 forte
1075 2501 1189 2567 Vesevi

479 2609 650 2691 Hesperiae
673 2607 778 2673 letalis
803 2627 888 2691 apex,
912 2609 1040 2673 vixdum
1063 2609 1157 2692 ignea
1179 2609 1318 2674 montem

479 2715 573 2780 torsit
595 2715 717 2797 hiemps
740 2715 866 2798 tamque
894 2734 964 2782 eoas
989 2715 1069 2782 cinis
1094 2716 1201 2781 induit
1223 2718 1332 2795 urbes;

408 2842 540 2922 fragor
563 2840 618 2925 (cl.
642 2839 794 2923 Inarime)
823 2857 826 2866 ’

409 2947 479 3012 Val.
504 2947 606 3012 Flacc.
623 2946 672 3011 HI
696 2949 881 3013 208-209.
