3522 5298
913 450 954 514 22

481 713 488 726 .
515 713 521 726 .
548 714 555 727 .
582 662 714 728 hostiles
739 681 833 745 super
856 663 935 746 ipae,
958 664 995 727 ut
1018 662 1128 747 victor,
1153 683 1289 746 acervos,

483 769 621 851 pacifera
644 770 732 834 lauro
756 769 875 834 crinem
898 769 1050 853 vittisque
1074 769 1204 836 decorus

482 876 627 940 accubat:
638 876 1228 962 haudaliter,quamcumposcentibns
1240 879 1290 944 ast
1309 879 1316 892 '

482 981 584 1047 laetus
608 982 642 1047 in
666 1002 795 1049 accensa
818 984 917 1049 iacuit
938 983 1124 1068 Tirynthius
1150 984 1239 1050 Oeta.

795 1168 1086 1256 Hippomenes.

413 1296 543 1362 Amore
566 1295 702 1377 flagrans
726 1295 825 1360 Stella
847 1296 1066 1361 Violentillam
1090 1296 1152 1361 sibi
1175 1297 1291 1379 expetit
1322 1296 1376 1383 (ci.
1393 1296 1548 1382 Leander)

412 1404 489 1469 Stat.
515 1402 620 1468 Silv.I
644 1404 674 1484 2,
698 1403 829 1468 85-89

482 1509 548 1574 vidi
572 1528 630 1591 ego
653 1511 684 1573 et
706 1508 824 1573 immiti
848 1508 999 1592 cupidum
1023 1509 1187 1575 decurrere
1211 1525 1322 1593 campo·

482 1615 711 1699 Hippomenen,
735 1635 792 1679 nco
816 1616 861 1680 sic
884 1618 968 1681 meta
992 1617 1132 1698 pallebat
1155 1618 1187 1681 in
1213 1617 1297 1699 ipsa3

482 1722 551 1787 vidi
575 1723 606 1787 et
630 1722 775 1806 Abydeni
799 1723 921 1787 iuvenis
946 1723 1099 1788 certantia
1121 1725 1216 1789 remis

484 1829 633 1897 bracchia
656 1829 845 1913 laudavique
868 1849 980 1896 manus
1005 1832 1037 1896 et
1060 1849 1152 1915 saepe
1174 1831 1297 1897 natanti

485 1937 637 2021 praeluxi.

811 2058 1071 2148 Hyacinthus.

415 2188 547 2252 Forma
571 2185 719 2251 Glaucias
744 2186 920 2270 Hyacinthe
943 2207 1004 2253 non
1030 2189 1113 2253 cedit
1136 2189 1191 2273 (cf.
1216 2189 1329 2274 Hylas,
1352 2188 1451 2274 Leda)

415 2295 493 2360 Stat.
519 2289 645 2360 Silv.H
670 2297 699 2371 1,
727 2296 900 2359 110-113

488 2402 553 2466 sive
577 2401 729 2466 catenatis
753 2402 901 2465 curvatus
925 2403 1065 2467 membra
1089 2402 1256 2485 palaestris

488 2509 600 2574 staret:
624 2507 795 2590 Amyclaea
819 2510 1002 2591 conceptum
1025 2510 1124 2574 matre
1148 2511 1287 2593 putares,

489 2614 663 2681 Oebaliden
687 2614 744 2679 illo
767 2633 915 2697 praeceps
939 2617 1076 2680 mutaret
1099 2615 1225 2698 Apollo,

490 2721 615 2787 Alcides
639 2723 785 2805 pensaret
808 2722 924 2804 Hylan.

851 2916 1037 3004 Hylaeus.

419 3042 538 3109 Cursu
564 3041 712 3108 effrenato
737 3042 858 3127 equitat
881 3043 1098 3126 Hippomedon
1121 3065 1178 3129 per
1201 3064 1292 3128 agros

419 3150 497 3217 Stat.
521 3150 618 3215 Theb.
635 3149 678 3214 IV
705 3152 878 3216 139-144

489 3277 550 3322 non
575 3257 668 3322 aliter
691 3257 788 3322 silvas
813 3258 930 3323 umeris
955 3260 995 3323 et.
1009 3260 1143 3343 utroque
1166 3258 1341 3339 refringens

490 3365 614 3447 pectora
638 3366 785 3429 montano
810 3364 926 3448 duplex
947 3365 1088 3449 Hylaeus
1113 3366 1152 3429 ab
1177 3367 1265 3429 antro

490 3471 678 3554 praecipitat
702 3509 743 3518 —
767 3474 861 3554 pavet
883 3471 963 3536 Ossa
989 3510 1028 3518 —
1051 3472 1130 3551 vias,
1154 3469 1352 3552 pecudesque
1374 3467 1522 3550 feraeque

491 3580 682 3660 procubuere
705 3580 806 3658 metu;
831 3598 892 3642 non
915 3578 993 3660 ipsis
1017 3577 1168 3641 fratribus
1194 3575 1302 3639 horror

493 3684 583 3758 afuit,
606 3685 729 3767 ingenti
753 3686 851 3750 donec
872 3684 988 3749 Peneia
1012 3684 1097 3747 saltu

492 3793 604 3874 stagna
628 3791 714 3857 subit
736 3810 948 3874 magnumque
972 3789 1110 3854 obiectus
1136 3789 1255 3854 detinet
1277 3807 1412 3853 amnem.

879 3973 1013 4063 Hylas.

421 4070 535 4135 Voces
561 4065 742 4152 (amantis):

421 4211 531 4258 rursus
555 4192 649 4275 atque
673 4190 788 4255 iterum
811 4192 920 4255 vocata
943 4191 992 4255 est
1013 4188 1198 4255 Violentilla
1222 4211 1240 4255 a
1263 4190 1362 4256 Stella

422 4300 500 4365 Stat.
526 4297 634 4364 Silul
659 4300 689 4380 2,
717 4300 889 4363 197-199

492 4404 615 4469 Asteris
640 4407 671 4471 et
692 4404 773 4470 vatis
798 4406 896 4470 totam
925 4405 1049 4469 cantata
1073 4405 1271 4487 perustam,

495 4511 615 4577 Asteris
640 4514 712 4577 ante
736 4512 842 4595 dapes,
866 4514 955 4577 nocte
971 4511 1105 4592 Asteris,
1126 4510 1247 4576 Asteris
1265 4512 1346 4594 ortu,

495 4621 652 4710 quantum
676 4640 737 4688 non
761 4620 916 4687 clamatus
941 4619 1058 4705 Hylas;
