3522 5298
796 408 837 472 45

363 621 477 686 educat
499 621 642 703 Eurotas,
667 620 766 686 teneri
791 620 837 684 sic
859 619 982 702 integer
1006 619 1074 685 aevi

256 795 262 804 ,
363 728 436 794 Illin
460 727 528 792 adit
549 728 730 812 primosque
752 727 819 793 Iovi
835 747 914 809 puer
930 727 1082 810 adprobat
1098 745 1212 807 annos3

292 835 501 900 celeritate
523 835 657 899 maxIma
681 853 790 900 currus
814 834 972 898 vehuntur
995 853 1051 916 per
1074 835 1177 898 castra

292 941 348 1006 Sil.
372 941 485 1007 Punl
510 945 574 1007 224

361 1068 424 1113 nou
446 1049 542 1114 Eleus
567 1051 617 1114 eat
640 1068 748 1132 campo
772 1048 941 1113 ferventior
964 1048 1053 1130 aris3

291 1173 395 1255 Scipio
417 1173 520 1238 minor
544 1192 668 1256 campos
692 1173 848 1256 percurrit

292 1279 348 1344 Sil.
374 1280 454 1346 Pun.
478 1279 534 1344 XV
561 1282 624 1346 208
635 1283 736 1346 -213

361 1387 581 1470 praegreditur
604 1387 781 1470 celeratque
805 1387 870 1452 vias
895 1388 925 1452 et
949 1385 1079 1469 corripit
1101 1405 1214 1470 agmen

359 1494 480 1578 pernici
502 1494 649 1577 rapidum
672 1514 767 1560 eursu
790 1513 977 1578 camposque
1000 1492 1123 1577 fatigat.

360 1601 415 1684 sic,
439 1601 495 1667 ubi
518 1601 668 1683 prosiluit
690 1601 801 1666 Pisaeo
825 1619 947 1666 earcere
970 1619 1130 1684 praeceps,

360 1728 421 1773 non
445 1708 548 1773 solum
572 1711 645 1774 ante
661 1708 751 1791 alios,
769 1709 934 1791 sedenim,
951 1707 1098 1774 mirabile
1113 1709 1212 1788 dictu,

360 1818 431 1880 ante
455 1834 526 1881 suos
550 1815 577 1882 it
589 1815 688 1880 victor
704 1835 814 1899 equuS,
832 1835 1021 1900 currumque
1039 1836 1094 1899 per
1113 1835 1204 1880 auras

361 1923 446 1988 haud
469 1923 531 1987 ulli
555 1924 670 1988 durant
692 1923 779 1988 visus
803 1922 937 2007 aequare
959 1922 1127 1987 volantem.

716 2120 751 2204 o)
774 2118 923 2189 Cretes.

288 2209 413 2274 Vires:

291 2315 476 2398 longissime
499 2317 598 2380 telum
621 2315 913 2399 iacitHippolytus
938 2316 993 2400 (cf.
1018 2315 1140 2395 Parthi,
1164 2315 1280 2399 telum)

289 2422 360 2488 Sen.
385 2422 501 2488 Phaed.
528 2425 702 2489 814—819

281 2553 284 2558 ·
359 2531 424 2594 tam
448 2530 550 2612 longe,
576 2529 693 2594 dociles
718 2529 840 2614 spicula
862 2530 969 2613 figere,

360 2657 421 2702 uon
444 2637 573 2702 mittent
596 2636 747 2721 gracilem
772 2637 878 2703 Cretes
902 2637 1121 2703 harundinem.

360 2747 415 2808 aut
439 2744 466 2809 si
489 2744 553 2808 tela
576 2745 667 2809 modo
693 2763 838 2828 spargere
863 2745 1010 2809 Parthico

359 2851 392 2915 in
416 2851 539 2916 caelum
562 2851 695 2933 placeat,
719 2851 809 2916 nulla
834 2851 901 2916 sine
925 2852 999 2917 alite

361 2958 561 3041 descendent,
586 2959 694 3040 tepido
717 2959 835 3023 viscere
860 2957 985 3022 condita

359 3065 508 3146 praedam
533 3066 571 3130 de
594 3065 708 3130 mediis
732 3066 869 3131 nubibus
896 3065 1036 3130 afferent.

687 3260 875 3331 Croesus.

289 3367 462 3433 Divitiae
486 3369 540 3454 (cf.
565 3367 687 3452 Midas)

290 3475 367 3541 Stat.
392 3475 502 3541 silai
525 3478 556 3556 3,
584 3465 662 3557 105;

289 3582 366 3647 Stat.
391 3583 468 3649 Silv.
486 3583 517 3646 II
542 3585 573 3666 2,
599 3586 681 3648 121..

289 3868 517 3953 Magnitudo
538 3869 592 3953 (el.
612 3760 987 3954 Agamerrhirhh?{lerxes)

288 3975 362 4040 Luc.
387 3975 498 4041 Phars.
514 3975 560 4039 III
584 3977 773 4057 nec-2903

290 4100 553 4165 dominatione
577 4101 685 4182 gentes
709 4099 803 4165 Asiae
827 4102 913 4166 tenet
935 4101 1103 4182 Pompeius

273 4202 363 4273 'Luc
388 4208 498 4273 Phara.
514 4207 592 4272 VIII
616 4210 790 4273 226-229
1016 4275 1018 4281 ,
1177 4274 1179 4279 Α

360 4335 433 4380 arva
457 4334 550 4396 super
574 4314 648 4398 Cyri
672 4314 883 4399 Chaldaeique
906 4315 1020 4379 ultima
1043 4315 1142 4397 regni,

360 4441 422 4506 qua
444 4421 574 4505 rapidus
600 4422 724 4504 Ganges
748 4423 780 4486 et
803 4441 864 4504 qua
879 4422 1021 4504 Nysaeus
1045 4422 1209 4505 Hydaspes

360 4529 513 4593 accedunt
535 4528 663 4612 Pelago,
686 4528 807 4594 Phoebi
831 4529 989 4610 surgentis
1014 4531 1053 4594 ab
1076 4529 1151 4612 igne

360 4635 424 4699 iam
447 4635 601 4719 proprior,
625 4656 719 4719 quam
743 4635 860 4716 Persis,
885 4654 979 4700 eram.
