3522 5298
356 664 459 746 solvit,
484 683 540 729 eeu
564 664 689 730 Siculus
713 665 848 729 flammis
872 665 1059 746 urgentibus
1083 664 1220 730 Aetnam

356 771 455 836 undat
472 790 558 854 apex,
581 771 738 854 Campana
755 772 891 836 fremens
913 791 969 836 eeu
987 791 1059 837 saxa
1080 775 1210 855 vaporat

356 877 501 943 conditus
525 879 679 943 Inarimes
703 879 829 943 aeterna
851 878 934 944 mole
956 879 1133 962 Typhoeus.

738 1018 885 1089 Ulixes.

287 1131 407 1193 Puror
431 1129 496 1210 (ef.·'
509 1128 670 1207 Athamas,
696 1128 816 1208 Medea,
841 1127 975 1212 Procne)

289 1235 366 1300 sear.
393 1235 469 1300 snv.
486 1235 520 1302 rr
545 1238 573 1315 1,
602 1236 784 1300 rao-145.

731 1401 905 1488 Aegiale.

290 1511 404 1575 Fides
439 1511 472 1575 in
507 1510 626 1592 virum,
662 1510 717 1593 qui
756 1512 891 1574 amatur:

289 1619 356 1683 Hoe
379 1618 556 1699 exemplum
580 1617 700 1699 speetat
724 1617 761 1681 ad
787 1636 912 1681 uxorem
935 1619 1044 1700 poetae
1074 1617 1128 1701 (of.
1155 1618 1303 1698 Ariadna,
1331 1619 1424 1682 Meli-

201 1727 287 1808 boea,
312 1725 483 1809 Penelopa)

290 1832 366 1897 stat.
392 1831 467 1897 Silv.
486 1831 533 1895 ΙΠ
557 1834 587 1914 5,
613 1833 741 1896 44-51

360 1940 422 2004 heu
446 1939 500 2003 ubi
523 1941 597 2003 nota
620 1938 698 2003 fides
727 1940 835 2020 totque
866 1938 1023 2021 explorata
1047 1958 1102 2020 per
1125 1957 1212 2016 nsua,

361 2065 423 2129 qua
445 2047 576 2126 veteres
600 2045 705 2110 Latias
731 2044 852 2124 Graias,
877 2045 1020 2110 heroidas
1045 2044 1183 2126 aequas?

361 2152 439 2216 isset
448 2151 488 2216 ad
497 2152 609 2216 Iliacas
621 2192 660 2198 —
676 2152 752 2236 quid
763 2153 846 2216 enim
858 2153 992 2216 deterret
1001 2151 1213 2216 amantes?-

361 2259 517 2341 Penelope
541 2258 649 2340 gavisa
674 2258 791 2341 domos,
817 2259 844 2323 si
867 2277 978 2342 passus
1003 2259 1125 2338 Ulixes3

361 2367 472 2449 questa
488 2367 537 2430 est
550 2365 690 2448 Aegiale,
708 2368 818 2448 questa
831 2367 880 2430 est
896 2365 1050 2430 Meliboea
1063 2365 1212 2446 relinqui,

361 2475 393 2537 et
415 2493 510 2556 quam
530 2492 678 2555 --quam
703 2472 803 2537 saevi!
828 2511 869 2519 -
894 2472 1035 2537 fecerunt
1058 2471 1211 2535 maenada
1235 2471 1389 2553 planetus.

360 2599 417 2644 neo
438 2579 542 2644 minor
561 2580 610 2644 his
632 2580 668 2644 tu
689 2599 781 2644 nosse
801 2579 895 2643 fidem
911 2579 1073 2662 vitamque
1089 2579 1214 2642 maritis

362 2686 484 2750 dedere.

743 2801 889 2887 Agaue.

293 2889 450 2954 Insania
474 2891 612 2956 locastae

296 2996 366 3062 Seu.
392 2997 468 3062 Oed.
497 2999 713 3063 rhod-root

364 3155 370 3168 .
397 3156 403 3169 .
431 3155 436 3168 .
463 3124 498 3170 en
524 3122 595 3169 eece
617 3105 727 3187 rapido
751 3124 842 3170 saeva
867 3105 1014 3188 prosiluit
1038 3105 1138 3186 gradu

362 3210 484 3276 Iocasta
506 3231 623 3294 vecors,
648 3212 750 3294 qualis
776 3212 908 3277 attonita
931 3215 963 3277 et
986 3213 1092 3276 furens

363 3317 499 3383 Cadmea
522 3320 622 3384 mater
647 3319 781 3384 abstulit
804 3321 876 3382 nato
902 3321 996 3401 eaput

363 3425 524 3508 sensitque
548 3426 693 3507 raptum3

291 3530 457 3595 formido
482 3532 537 3616 (ef.
563 3531 700 3613 Orestes
724 3531 900 3614 Pentheus)

291 3637 365 3702 Luo.
391 3638 502 3702 Phars.
521 3639 580 3703 Vll
594 3642 787 3720 776-7803

292 3747 407 3825 pavent
430 3745 650 3827 intellegentes
675 3747 800 3811 eaedem
825 3745 1049 3830 Cyzicenorum
1072 3745 1272 3828 Argonautae

291 3850 360 3914 Val.
385 3851 487 3915 Plaee.
512 3849 588 3934 A'rg.
605 3853 652 3916 Ill
677 3854 851 3917 noa-‘266
982 3931 984 3936 ,

364 3977 422 4022 ceu
445 3961 538 4040 pavet
562 3960 601 4023 ad
626 3959 726 4023 orines
752 3961 782 4022 et
805 3960 909 4024 tristia
934 3959 1088 4024 Pentheos
1114 3978 1166 4022 ora

364 4065 491 4147 Thyias,
512 4065 567 4130 ubi
584 4065 740 4148 impulsae
752 4066 815 4129 iam
829 4086 861 4130 se
875 4067 950 4130 deus
966 4066 1092 4148 agmine
1105 4066 1215 4130 matris

365 4171 498 4237 abstulit
522 4176 554 4237 et
577 4172 659 4237 oaesi
682 4174 855 4237 vanescunt
879 4192 993 4238 cornua
1017 4173 1110 4237 tauri.

725 4339 914 4427 Alcyone.

297 4447 394 4511 Cura
417 4447 602 4513 liberorum:

295 4556 402 4634 poetae
425 4574 501 4619 uxor
520 4555 605 4620 filiae
622 4554 866 4637 diligentissime
883 4555 1020 4618 consulit
1043 4554 1097 4637 (es.
1123 4554 1313 4637 Philomela)

295 4660 372 4725 Stat.
397 4661 473 4726 Silv.
492 4663 540 4725 ΙΙΙ
564 4665 594 4744 5,
620 4664 749 4725 57—59
807 4709 816 4725 ,

1203 4751 1219 4802 3
