3522 5298
913 362 953 428 14

703 575 884 663 Alpheus
907 579 947 646 et
969 575 1178 646 Arethusa.

414 704 526 770 Amor
548 701 631 768 fidus
655 702 771 768 Stellae
795 703 972 768 celebratur

413 810 492 877 Stat.
517 797 626 875 Silul
650 811 680 892 2,
698 811 874 875 201-208

486 916 587 981 macte
611 914 699 997 toris,
724 914 829 980 Latios
853 915 937 980 iuter
959 914 1175 997 placidissime
1197 919 1295 999 vates,

485 1023 568 1106 quod
592 1022 707 1086 durum
731 1040 914 1104 permensus
939 1022 1000 1088 iter
1023 1023 1186 1108 coeptique
1210 1024 1327 1088 laboris

485 1129 640 1213 prendisti
664 1130 783 1212 portus.
830 1129 951 1195 nitidae
975 1128 1021 1194 sic
1043 1130 1208 1213 transfuga
1231 1129 1325 1195 Pisae

485 1237 587 1302 amnis
611 1237 645 1300 in
668 1237 808 1302 externos
833 1237 926 1319 longe
949 1237 1128 1304 flammatus
1152 1255 1272 1303 amores

484 1344 616 1409 flumina
641 1344 781 1408 demerso
805 1344 903 1408 trahit
926 1345 1113 1410 intemerata
1135 1344 1249 1425 canali,

426 1495 429 1502 ·
486 1451 583 1517 donec
606 1450 746 1516 Sicanios
770 1451 898 1516 tandem
921 1451 1063 1533 prolatus
1087 1451 1199 1517 anhelo

485 1577 537 1624 orc
561 1558 650 1624 bibat
672 1558 789 1638 iontes3
813 1557 948 1622 miratur
971 1557 1077 1622 dulcia
1099 1559 1177 1622 Nais

486 1665 593 1731 oscula
616 1684 673 1730 nec
696 1664 802 1730 credit
820 1665 932 1750 pelago
955 1665 1079 1731 venisse
1102 1666 1198 1730 merit
1221 1686 1262 1730 m.

832 1895 1048 1983 Amphlon.

415 2043 507 2108 Arte
531 2060 654 2108 summa
677 2042 802 2107 arbores
826 2044 858 2107 et
881 2061 953 2106 saxa
975 2043 1079 2108 movet
1101 2042 1224 2108 Pollius
1249 2041 1336 2107 Felix
1359 2042 1414 2126 (of.
1440 2042 1548 2122 Arion,

330 2147 488 2231 Orpheus)

415 2256 492 2321 Stat.
518 2255 594 2322 Silv.
611 2256 642 2321 II
667 2260 697 2340 2,
723 2259 850 2322 60-61

485 2381 549 2446 ium
572 2380 785 2463 Methymnaei
809 2380 890 2444 vatis
913 2399 1026 2445 manus
1051 2382 1082 2446 et
1105 2381 1211 2464 chelys
1235 2399 1298 2445 uua
1744 2397 1745 2400 ’

486 2487 622 2552 Thebais
647 2490 678 2553 et
701 2486 804 2552 Getici
828 2486 918 2552 cedat
940 2487 1001 2552 tibi
1023 2487 1126 2569 gloria
1149 2487 1271 2571 plectri.

848 2718 1035 2789 Antaeus.

413 2862 578 2946 Ingentem
601 2862 756 2927 caedem
780 2862 847 2928 edit
862 2862 952 2927 Sulla
968 2863 1022 2947 (cf.
1042 2862 1231 2947 Oenomaus,
1247 2863 1414 2930 Diomedes
1431 2865 1548 2949 Thrax)

414 2980 489 3052 Luc.
514 2986 624 3051 Phars.
642 2985 674 3050 Π
700 2987 872 3053 loa-165

487 3143 493 3158 .
520 3144 527 3159 .
553 3141 560 3159 .
585 3093 738 3158 scelernm
761 3113 823 3158 non
846 3093 980 3159 Thracia
1002 3096 1127 3160 tantum

485 3199 567 3265 vidit
589 3199 724 3265 Bistonii
749 3201 883 3267 stabulis
909 3201 1043 3284 pendere
1067 3203 1204 3286 tyranni,

485 3307 629 3390 postibus
652 3307 766 3373 Antaei
788 3307 897 3392 Libye,
927 3328 984 3374 nec
1007 3308 1138 3375 Graecia
1160 3327 1301 3374 maerens

484 3415 550 3479 tam
574 3415 693 3480 laceros
718 3417 804 3480 artus
828 3416 940 3481 Pisaea
962 3415 1049 3480 flevit
1071 3416 1104 3508 in
1128 3414 1210 3479 aula.

806 3645 1071 3732 Argonautae.

414 3771 578 3838 Labores
603 3772 729 3854 Stellae,
753 3772 789 3835 ut
805 3769 1022 3835 Violentillam
1038 3767 1099 3833 sibi
1116 3766 1308 3852 conciliaret,
1331 3787 1393 3832 non
1409 3767 1546 3834 minores

325 3879 414 3944 eraut
438 3898 532 3961 quam
555 3877 810 3960 Argonautarum
834 3876 889 3960 (cf.
914 3875 1077 3958 Hercules,
1102 3874 1232 3959 Pelops)

415 3985 492 4051 Stat.
517 3982 628 4051 silv.1
650 3988 680 4064 2,
706 3984 836 4049 38-42

486 4091 584 4173 digna
607 4090 735 4174 quidem
758 4108 888 4173 merces,
913 4089 945 4154 ct
968 4088 996 4153 si
1018 4087 1079 4154 tibi
1101 4088 1180 4154 Iuno
1204 4089 1326 4155 labores

484 4196 668 4278 Herculeos,
693 4197 811 4281 Stygiis
834 4198 867 4263 et
890 4196 918 4261 si
942 4215 1124 4262 concurrere
1146 4196 1295 4262 mononis

484 4304 552 4370 fata
576 4304 697 4387 darent,
721 4305 749 4369 si
772 4303 911 4389 Cyaneos
935 4323 1078 4386 raperere
1101 4323 1157 4387 per
1179 4304 1295 4369 aestus,

484 4411 565 4476 hanc
589 4413 716 4494 propter
737 4412 820 4477 tanti
842 4412 955 4480 Pisaea
977 4411 1047 4494 lege
1070 4413 1257 4477 trementem

486 4537 609 4584 currere
633 4519 664 4584 et
687 4518 839 4585 Oenomai
862 4520 1008 4586 fremitus
1033 4519 1141 4586 audire
1165 4519 1335 4601 sequentis.
