3522 5298
795 383 835 452 73

365 603 480 685 quauta
504 602 552 667 est
576 601 622 666 vis
646 600 725 683 agili
756 617 811 684 per
833 600 958 667 caerula
982 594 1104 665 summa
1119 599 1287 682 Liburnae,

363 728 453 794 quae,
478 708 597 791 pariter
621 708 764 792 quotiens
788 710 947 773 revocatae
970 707 1011 772 ad
1034 709 1159 790 pectora
1182 709 1289 772 musae

362 833 544 900 percussere
566 816 694 898 fretum,
717 815 820 881 ventis
843 815 929 899 fugit
951 815 1035 881 ocior
1058 815 1089 879 et
1112 833 1155 896 se,

363 941 459 1005 quam
482 921 577 1004 longa
600 923 658 1005 est,
682 941 744 988 uno
767 924 924 987 remorum
947 922 1098 1005 praeterit
1120 921 1200 1001 ictu;

291 1064 325 1128 in
347 1065 519 1147 periculo
544 1083 665 1130 summo
685 1065 719 1146 ii,
744 1064 849 1149 quiin
865 1066 973 1129 arbore
989 1063 1105 1130 iactata
1121 1063 1240 1145 sedent,
1264 1065 1429 1129 versantur

293 1169 349 1237 Sil.
373 1171 499 1237 Pun.V
522 1173 697 1238 ool—506

362 1296 550 1362 incumbunt
574 1297 675 1362 sociae
699 1297 823 1362 dextrae
846 1316 1023 1381 magnoque
1046 1296 1169 1378 fragore

362 1404 456 1487 pulsa
478 1403 578 1486 gemit
602 1403 718 1469 crebris
744 1406 950 1469 succumbens
974 1403 1091 1469 ictibus
1115 1404 1216 1469 arbos.

361 1511 494 1576 fluctuat
516 1509 627 1576 infelix
649 1529 799 1575 concusso
823 1509 932 1592 stipite
954 1511 1059 1593 turba,

362 1636 420 1682 ceu
436 1617 597 1701 Zephyrus
614 1617 717 1700 quatit
733 1617 879 1700 antiquos
896 1616 951 1682 ubi
973 1616 1100 1682 flamine
1116 1617 1215 1697 lucos,

362 1724 471 1789 fronde
488 1743 582 1807 super
596 1723 725 1790 tremuli
741 1723 791 1789 vix
816 1725 881 1789 tota
898 1723 1069 1789 cacuminis
1085 1724 1215 1789 haerens

360 1831 496 1896 iactatur
518 1831 592 1896 nido
616 1829 734 1914 pariter
756 1832 888 1896 nutante
911 1831 1064 1910 volucris3

292 1973 495 2039 silentium
517 1974 555 2038 fit

290 2073 487 2146 vairaco.
511 2080 588 2164 Arg.
605 2080 652 2145 IlI
675 2082 846 2147 358-361

575 2239 583 2253 .
609 2239 616 2252 .
643 2188 856 2274 ¹tandemque
881 2188 1049 2272 quiescunt

362 2294 489 2360 dissona
510 2294 659 2378 pervigili
681 2295 812 2379 planctu
835 2296 925 2377 vada,
950 2294 1087 2379 qualiter
1111 2294 1211 2358 arctos

362 2401 401 2466 ad
423 2401 541 2484 patrias
565 2402 675 2467 avibus
699 2401 801 2468 medio
824 2402 888 2466 iam
911 2419 982 2468 vere
1005 2400 1137 2467 revectis

361 2507 520 2593 Memphis
544 2511 575 2574 et
597 2509 697 2593 aprici
721 2510 814 2575 statio
838 2509 913 2574 silet
935 2527 1039 2573 annua
1062 2507 1146 2590 Nili,

290 2652 414 2716 terror
435 2651 472 2716 iit
494 2652 542 2716 tot
564 2651 655 2718 lituis
678 2652 796 2718 auditis

292 2756 363 2824 Vel.
388 2757 491 2824 Flacc.
515 2758 592 2842 Arg.
610 2759 654 2824 VI
678 2762 853 2826 505-506

362 2883 471 2967 quales
495 2883 627 2948 instanti
651 2884 829 2950 nimborum
852 2884 970 2966 frigore
993 2885 1129 2949 maestae

362 2991 534 3057 succedunt
557 2991 652 3056 ramis
676 2992 868 3076 haerentque
890 3009 1004 3074 pavore
1027 2991 1187 3070 volucres;

290 3134 389 3197 terror
412 3134 541 3200 Medeae
564 3139 658 3199 noctu
682 3154 700 3199 a
723 3133 842 3200 Venere
866 3154 922 3217 per
944 3136 1055 3199 urbem
1079 3133 1191 3198 ductae
1214 3131 1329 3196 incidit

293 3238 360 3305 Vol.
385 3240 488 3307 uleoo.
512 3241 590 3323 Arg.
609 3241 668 3306 VII
692 3243 867 3308 ero-379

362 3365 465 3450 qualis
490 3366 593 3430 adhuc
615 3365 739 3432 teneros
764 3385 946 3450 supremum
970 3366 1091 3449 pallida
1112 3365 1195 3430 fetus

359 3474 461 3536 mater
483 3475 522 3538 ab
546 3471 666 3538 excelso
690 3473 838 3557 produxit
860 3473 894 3538 in
917 3492 992 3539 aera
1014 3473 1089 3538 nido

361 3578 566 3663 hortaturque
582 3580 673 3663 sequi
688 3581 898 3664 breuibusque
913 3580 1078 3663 insurgere
1099 3579 1216 3663 pinnis,

360 3684 434 3751 illos
459 3686 595 3752 caerulei
618 3688 739 3770 primus
763 3687 838 3753 ferit
860 3688 970 3754 horror
993 3686 1132 3771 Olympi,

361 3792 487 3878 iamque
510 3793 613 3859 redire
635 3796 749 3877 rogant
771 3794 963 3878 adsuetaque
987 3794 1149 3879 quaeritur
1171 3789 1301 3874 arbcr¹).

710 4095 921 4166 Columba.

290 4219 393 4303 Fuga
415 4220 471 4306 (ci.
496 4240 616 4306 cervus,
641 4221 748 4306 lepus)

290 4324 347 4392 Sil.
371 4326 496 4394 Pun.V
521 4329 713 4409 280-2843
839 4327 842 4332 ’

293 4556 315 4625 ¹)
334 4556 383 4613 Ov.
402 4555 469 4612 Met
489 4557 561 4615 VIII
579 4557 632 4614 213
650 4559 758 4615 confert
778 4559 929 4634 Langeuus.
