3522 5298
390 715 477 804 elicit
500 735 536 782 ex
558 716 663 800 adytis
679 705 932 800 ‘consumptaque
956 715 1101 782 bracchia
1123 715 1208 782 ferro

389 822 469 888 scire
493 825 591 903 vetat3
624 824 727 906 quatit
750 822 807 888 ille
831 843 935 888 sacras
958 823 991 887 in
1016 824 1142 906 pectora
1165 822 1259 910 pinus
1291 899 1294 904 ¹

389 927 640 1014 sanguineosque
664 932 746 996 rotat
769 929 870 996 crines
895 931 926 995 et
948 930 1080 996 vulnera
1103 949 1197 995 cursu

390 1036 560 1103 exanimat:
593 1027 686 1122 pavet
709 1036 809 1130 omnis
833 1055 909 1118 ager
931 1055 1135 1120 respersaque
1159 1035 1274 1102 cultrix

389 1144 490 1226 arbor,
514 1145 546 1208 ct
568 1141 696 1208 attoniti
719 1163 845 1208 currum
869 1162 991 1210 erexere
1014 1144 1135 1224 leones;

318 1269 464 1336 oblivio
489 1268 619 1334 doloris:

318 1377 356 1441 ut
386 1370 471 1441 Galli
501 1375 651 1441 maximos
684 1374 805 1440 dolores
838 1375 979 1458 perpessi
1012 1374 1096 1440 diem
1127 1375 1243 1442 festum
1267 1375 1377 1456 agunt,
1411 1373 1456 1438 ita

229 1483 322 1548 Iason
346 1484 377 1548 et
402 1482 512 1548 Medea
534 1481 646 1548 multis
670 1481 819 1566 periculis
845 1482 986 1547 defuncti
1010 1483 1049 1547 ad
1073 1502 1159 1548 aram
1183 1483 1300 1547 adeunt

318 1591 388 1658 Val.
413 1589 515 1655 Flace.
540 1589 616 1672 Arg.
640 1588 718 1654 VIII
742 1585 934 1655 238-241'

390 1697 436 1762 sic
461 1697 512 1762 ubi
538 1695 724 1780 Mygdonios
748 1697 893 1778 planctus
919 1715 1005 1762 sacer
1028 1697 1130 1763 abluit
1153 1696 1258 1779 Almo,

390 1805 534 1889 laetaque
558 1804 620 1869 iam
645 1803 762 1888 Cybele
784 1803 946 1888 festaeque
969 1825 1025 1887 per
1048 1804 1163 1888 oppida
1185 1804 1305 1884 taedae,

390 1911 460 1994 quis
484 1911 576 1977 modo
600 1911 663 1976 iam
688 1929 793 1976 saevos
818 1910 921 1995 adytis
945 1911 1072 1976 iluxIsse
1096 1930 1219 1977 cruores

391 2018 527 2101 cogitet?
558 2019 613 2083 aut
635 2017 698 2100 ipsi
723 2017 777 2102 qui
800 2018 865 2082 iam
887 2018 1058 2084 meminere
1080 2017 1241 2086 ministri?

702 2229 766 2300 del
792 2229 980 2301 unlversi.

320 2340 529 2405 Hilaritas:

322 2466 424 2531 sereni
441 2465 516 2531 sunt
530 2465 638 2530 vultus
655 2463 797 2530 virorum
810 2464 970 2531 laboribus
987 2469 1065 2532 bene
1082 2466 1261 2531 functorum
1276 2467 1312 2534 ut
1329 2466 1458 2530 deorum

233 2574 272 2638 ad
295 2573 466 2657 Aethiopes
490 2571 684 2638 venientium

320 2681 399 2746 Stat.
423 2680 520 2746 Theb.
544 2679 764 2746 veae-428

393 2838 401 2852 .
427 2838 434 2852 .
461 2839 468 2853 .
493 2805 605 2852 arcana
629 2787 674 2854 sic
697 2786 781 2851 sama
805 2806 967 2870 erumpere
990 2790 1080 2870 porte

393 2894 569 2976 caelicolae,
594 2893 622 2959 si
646 2895 769 2979 quando
794 2894 902 2959 domos
926 2894 1067 2980 litusque
1089 2896 1259 2977 rubentum

395 3002 586 3085 Aethiopum
609 3002 641 3068 ct
662 3020 787 3068 mensas
812 3020 899 3068 amor
922 3003 970 3066 cst
993 3001 1110 3066 intrare
1133 3001 1269 3066 minores
1280 2993 1316 3086 1).
1340 3079 1342 3085 A

720 3195 760 3282 b)
783 3194 970 3265 Achilles.

321 3323 568 3391 Praestantia
591 3322 692 3386 omnis
709 3321 833 3405 generis
849 3321 1005 3405 Philetus,
1029 3340 1107 3404 puer
1121 3322 1207 3403 Ursi,
1232 3323 1282 3388 vel
1299 3321 1459 3387 Achillem

240 3432 395 3497 antecedit
418 3431 473 3515 (cf.
498 3430 599 3510 Paris,
623 3430 774 3513 Theseus,
798 3429 940 3513 Troilus)

323 3556 401 3622 Stat.
427 3555 503 3621 Silv.
527 3555 559 3620 H
582 3559 612 3636 6,
631 3555 761 3620 25-33

397 3715 404 3728 .
431 3715 438 3728 .
464 3714 471 3728 .
496 3682 558 3728 non
581 3661 677 3726 talem
701 3661 812 3728 Cressa
836 3663 1007 3745 superbum

395 3770 511 3835 callida
536 3768 672 3835 sollicito
694 3769 851 3834 revocavit
873 3770 994 3835 Thesea
1016 3769 1081 3852 filo,
1192 3773 1196 3784 “

394 3897 451 3942 nec
474 3877 564 3943 Paris
590 3875 736 3942 Oebalios
760 3875 836 3941 talis
859 3877 985 3942 visurus
1009 3896 1129 3942 amores

394 3984 531 4050 rusticus
555 3983 670 4048 invitas
695 3982 808 4048 deiecit
830 3983 864 4048 in
888 3997 1022 4068 aequora
1045 3984 1148 4066 pinus.

395 4111 456 4156 non
479 4090 557 4156 fallo
582 4091 637 4156 aut
660 4092 769 4155 cantus
795 4090 924 4180 adsueta
947 4091 1076 4157 licentia
1100 4091 1201 4156 ducit:

394 4197 461 4262 vidi
486 4199 516 4262 et
539 4197 641 4263 adhuc
664 4197 765 4278 video,
791 4197 916 4280 qualem
939 4217 997 4262 nec
1019 4195 1104 4263 belle
1127 4199 1290 4264 canentem

396 4305 488 4370 litore
509 4303 651 4387 virgineo
674 4304 783 4370 Thetis
808 4305 977 4371 occultavit
999 4303 1146 4370 Achillen

395 4430 453 4476 nec
476 4412 595 4476 circum
618 4411 702 4477 saevi
725 4411 899 4493 fugientem
922 4411 1044 4478 moenia
1068 4411 1186 4477 Phoebi

395 4517 523 4584 Troilon
546 4517 738 4584 Haemoniae
762 4518 928 4611 deprendit
950 4519 1058 4586 lancea
1082 4518 1221 4601 dextrae3

238 4644 452 4656 *—

204 4722 222 4769 .’
330 4712 349 4783 ¹)
369 4712 411 4768 cf.
430 4713 509 4768 Hom.
529 4731 549 4769 a
568 4714 611 4783 22,
630 4714 673 4782 25,
691 4713 715 4769 A
733 4713 795 4783 lca,
819 4715 848 4770 Ψ
862 4713 965 4786 20559.
