3522 5298
916 373 958 436 20

412 579 468 646 Sil.
493 583 574 648 Pun.
590 581 668 647 XIII
691 584 865 649 aco-205

483 690 588 773 qualis
612 689 792 754 Atlantiaco
815 693 1007 756 memoratur
1029 692 1122 757 litore
1146 694 1302 776 quondam

481 797 658 861 monstrum
682 796 839 880 Geryones
862 797 999 863 immane
1022 799 1204 882 tricorporis
1229 801 1305 882 irae,

482 904 533 968 cui
555 905 619 969 tres
645 904 677 968 in
701 923 808 987 pugna
825 904 950 969 dextrae
965 905 1052 970 varia
1068 925 1154 970 arma
1172 908 1330 988 gerebant.

481 1029 544 1075 una
566 1011 656 1094 ignes
682 1030 798 1090 saevos,
823 1013 873 1076 ast
895 1011 995 1076 altera
1017 1031 1096 1094 pone
1126 1013 1258 1094 sagittas

480 1118 644 1199 fundebat,
672 1117 812 1182 validam
839 1120 1004 1201 torquebat
1034 1120 1128 1183 tertia
1159 1140 1299 1200 cornum,
1348 1196 1351 1202 ¹

481 1226 574 1309 atque
598 1245 660 1288 uno
684 1225 807 1289 diversa
831 1225 927 1290 dabat
950 1226 1011 1289 tria
1036 1227 1164 1290 vulnera
1187 1227 1269 1294 nisu.

828 1417 1035 1506 Gigantes.

409 1545 577 1610 Audacia
594 1545 776 1626 Gigantum,
802 1545 857 1628 qui
874 1545 986 1610 Ossam
1010 1548 1148 1611 montem
1172 1546 1307 1630 Olympo
1330 1549 1542 1635 imponebant,
1741 1551 1742 1560 ’

320 1673 380 1718 non
409 1654 508 1718 maior
537 1655 604 1718 erat
634 1673 728 1736 quam
757 1671 873 1734 eorum,
903 1653 957 1734 qui
985 1653 1080 1734 primi
1107 1673 1164 1736 per
1192 1674 1327 1738 aequora
1354 1657 1546 1741 navigabant

410 1760 488 1825 Stat.
513 1760 589 1825 silv.
606 1759 653 1824 III
678 1761 707 1839 2,
726 1762 856 1824 61-66
1741 1819 1742 1822 ,

479 1867 550 1951 quis
574 1866 652 1931 rude
676 1868 707 1931 et
729 1866 904 1931 abscissum
927 1867 1051 1932 mIseris
1076 1867 1290 1933 animantibus
1314 1889 1430 1954 aequor

477 1973 552 2040 fecit
574 1974 635 2038 iter
659 1973 839 2056 solidaeque
862 1973 929 2055 pios
955 1972 1080 2039 telluris
1105 1975 1251 2041 alumnos
1362 2008 1365 2012 ·

477 2081 598 2164 expulit
620 2082 654 2145 in
676 2081 791 2145 fluctus
816 2080 989 2163 pelagoque
1013 2080 1148 2145 immisit
1170 2081 1270 2146 1111111ι

476 2189 577 2254 audax
599 2187 744 2272 ingenii?
768 2207 825 2252 nec
849 2187 933 2252 enim
956 2187 1123 2252 temeraria
1144 2188 1246 2254 virtus
1741 2177 1742 2190 ¹

475 2297 534 2361 illa
556 2296 670 2379 magia,
695 2313 834 2360 summae
858 2293 999 2376 gelidum
1025 2314 1104 2378 quae
1127 2295 1237 2360 Pelion
1262 2297 1359 2363 Ossae
1489 2317 1491 2320 ·

475 2403 578 2468 iunxit
600 2402 860 2484 anhelantemque
883 2400 968 2482 iugis
994 2400 1043 2466 bis
1067 2403 1184 2484 pressit
1207 2403 1392 2498 Olympum;
1741 2383 1742 2456 l

1741 2501 1742 2544 l

404 2528 628 2612 magnitudo
652 2527 707 2612 (cf.
732 2527 821 2606 Iuno,
845 2525 970 2609 Hydra)

403 2635 460 2700 Sil.
485 2636 564 2700 Pun.
583 2635 628 2698 VI
653 2634 843 2712 ror-1843

404 2760 543 2826 clamor
567 2760 622 2844 (cf.
646 2758 804 2842 Iuppiter)

403 2867 459 2933 Sil.
484 2867 564 2932 Pun.
582 2866 626 2930 IX
651 2866 837 2932 coa-309.

835 3040 1023 3112 Glaucus.

401 3170 634 3253 Receptione
647 3169 783 3251 benigna
796 3169 989 3252 demergitur
997 3167 1151 3236 Crenaeus
1165 3171 1220 3256 (of.
1231 3171 1403 3255 Melicerta,
1414 3173 1537 3259 Triton)

402 3278 480 3343 Stat.
505 3278 602 3342 Theb.
620 3276 666 3340 IX
689 3278 861 3342 ano-331

473 3403 533 3449 non
559 3383 753 3448 Anthedonii
776 3383 856 3466 tegit
879 3383 1013 3467 hospitis
1038 3383 1170 3468 inguina
1192 3385 1307 3467 pontus

472 3490 626 3571 blandior,
652 3491 769 3555 aestivo
793 3509 850 3555 nec
875 3510 907 3555 se
930 3489 1032 3571 magis
1057 3509 1189 3574 aequore
1211 3489 1321 3553 Triton

472 3598 577 3681 cuerit,
602 3599 658 3662 aut
681 3616 769 3662 carae
792 3597 926 3663 festinus
951 3597 990 3661 ad
1014 3597 1119 3660 oscula
1143 3596 1254 3659 matris

472 3725 543 3770 cum
556 3706 675 3770 remeat
689 3704 878 3786 tardumque
890 3703 963 3767 ferit
976 3701 1125 3784 delphina
1140 3701 1319 3767 Palaemon.

822 3887 1026 3956 Hercules.

402 4017 555 4082 Viribus
588 4015 684 4080 tantis
716 4014 852 4096 corporis
876 4013 913 4076 ut
943 4013 1047 4078 valeat
1074 4033 1110 4079 ex
1139 4013 1218 4080 Orco
1248 4035 1423 4098 erumpens
1449 4020 1535 4100 optat

312 4125 450 4206 Megara,
475 4123 602 4207 quantis
626 4121 736 4204 valuit,
762 4141 832 4185 cum
855 4121 993 4185 montem
1018 4121 1211 4204 dirumperet

399 4231 469 4296 Seu.
494 4223 587 4294 Hero.
611 4229 672 4293 fur.
692 4231 866 4295 283-288

711 4388 717 4400 .
744 4388 750 4402 .
777 4388 784 4401 .
810 4335 924 4401 dirutis
948 4337 1051 4417 qualis
1076 4336 1160 4419 iugis

469 4462 618 4527 praeceps
642 4444 737 4510 citato
760 4443 886 4509 flumini
910 4462 1061 4527 quaerens
1085 4445 1146 4510 iter
1249 4440 1253 4444 ’

471 4551 626 4635 quondam
652 4551 779 4631 stetisti,
805 4552 902 4616 scissa
927 4572 997 4617 cum
1022 4553 1109 4615 vasto
1134 4552 1255 4632 impetu
