3522 5298
929 356 972 420 ab

876 575 878 582 ’
898 565 1019 638 nam·

425 694 643 760 Perniciem
667 694 758 778 parat
780 693 906 776 sagittis
935 711 1053 759 veneno
1080 693 1213 759 imbutis
1237 691 1397 760 Hannibal
1420 695 1564 760 hostibus

336 800 391 887 (of.
415 801 531 888 telum)

425 907 481 974 Sil.
506 908 620 973 Punl
644 907 820 974 324-326

496 1014 600 1080 Dacus
624 1015 663 1078 nt
685 1012 842 1078 armiferis
866 1012 993 1078 Geticae
1016 1013 1142 1080 telluris
1165 1013 1199 1078 in
1223 1014 1298 1097 oris,

496 1120 620 1206 spicula
643 1121 699 1205 qui
721 1121 824 1203 patrio
847 1121 988 1203 gaudens
1018 1120 1140 1187 acuisse
1163 1139 1282 1187 veneno

497 1228 604 1293 fundit
627 1229 709 1311 apud
734 1227 820 1310 ripas
844 1227 973 1311 inopina
994 1227 1167 1294 binominis
1190 1228 1303 1293 Histri.
1432 1283 1435 1288 .

881 1421 1025 1494 Parthi.

424 1549 532 1615 Vires
557 1548 613 1632 (ci.
639 1547 756 1629 Cretes,
780 1549 896 1633 telum)

424 1657 495 1724 San.
521 1655 637 1722 Phaed.
663 1657 849 1722 814-819.

876 1859 1018 1932 Saitae.

427 1987 575 2053 Veneno
600 1987 752 2068 serpentis
781 1987 874 2051 citius
898 1987 1040 2051 homines
1064 1987 1216 2052 necantur

427 2095 502 2159 Luc.
526 2093 637 2158 Phars.
655 2093 700 2158 IX
724 2095 897 2160 819-821

430 2183 433 2188 ¹
496 2219 557 2265 non
580 2203 645 2264 tam
668 2199 766 2266 veloci
791 2202 997 2281 corrumpunt
1019 2202 1132 2282 pocula
1156 2201 1231 2282 icto,

498 2306 607 2390 stipite
632 2326 710 2391 quae
735 2307 803 2372 diro
826 2307 931 2388 virgas
955 2307 1088 2372 mentita
1112 2307 1246 2374 Sabaeas

495 2415 596 2480 toxica
618 2414 744 2497 fatilegi
769 2416 902 2495 carpunt
925 2416 1049 2479 matura
1072 2413 1185 2480 Saitae.

778 2643 952 2714 Troiana
976 2644 1127 2715 classis.

425 2774 574 2856 Impetu
596 2771 739 2852 ingentes
757 2770 863 2854 copiae
878 2771 1068 2838 Hannibalis
1093 2774 1229 2855 aequant
1244 2771 1410 2838 Troianam
1432 2771 1565 2835 classem

430 2880 486 2945 Sil.
511 2879 594 2944 Pan.
611 2877 658 2942 III
682 2879 858 2944 nan-230

496 3006 553 3052 nec
576 2984 697 3052 bellum
721 2986 821 3069 raptis
843 2988 913 3051 tam
937 2987 1042 3051 dirum
1064 2987 1154 3052 mille
1177 2987 1292 3052 carinis

434 3182 438 3187 .
497 3094 600 3159 acrius
623 3093 788 3158 infremuit
810 3093 1032 3178 trepidumque
1056 3094 1207 3159 exterruit
1228 3095 1352 3169 orbana

424 3238 601 3285 numeras
625 3218 797 3283 immensus
823 3221 889 3283 erat
912 3218 1073 3301 copiarum
1096 3220 1135 3284 ad
1160 3218 1281 3286 Cannas
1306 3219 1529 3302 pugnantium.

427 3328 484 3392 Sil.
508 3325 590 3392 Pnn.
607 3324 683 3389 VIII
707 3328 879 3391 619-621

495 3431 593 3499 tantis
618 3431 798 3514 agminibus
823 3432 959 3498 Rhoeteo
983 3433 1075 3498 litore
1099 3434 1257 3517 quondam
1285 3433 1288 3440 '

496 3540 625 3619 fervere,
650 3558 721 3603 cnm
737 3559 871 3622 magnac
886 3540 1012 3604 Troiam
1032 3540 1174 3606 invasere
1191 3541 1350 3625 Mycenae,

497 3648 587 3713 mille
610 3648 692 3711 rates
717 3645 798 3710 vidit
820 3646 993 3712 Leandrius
1018 3646 1253 3730 Hellespontus.

768 3840 968 3911 Troianus
991 3859 1132 3928 equus.

425 3968 699 4053 Magnitudinc
723 3987 821 4051 equus
846 3967 1021 4032 Domitiani
1045 3987 1161 4051 equum
1184 3968 1354 4034 Troianum
1379 3971 1508 4052 superat

425 4077 504 4142 Stat.
528 4075 605 4142 silv.
622 4076 638 4138 Ι
657 4078 685 4155 1,
710 4076 818 4140 8—15

496 4220 580 4267 nunc
603 4219 662 4283 age
684 4199 770 4264 fama
792 4199 878 4282 prior
892 4201 1002 4265 notnrn
1018 4219 1074 4282 per
1091 4199 1215 4264 saecula
1238 4219 1350 4265 nomen

496 4307 650 4373 Dardanii
673 4307 808 4372 miretur
831 4307 914 4390 eqni,
938 4307 990 4372 oui
1012 4307 1128 4373 vertice
1153 4326 1239 4371 sacro

496 4414 655 4498 Didymon
678 4416 711 4480 et
733 4413 832 4480 caesis
857 4413 995 4480 decrevit
1017 4413 1182 4481 frondibus
1205 4413 1274 4480 lde:

495 4522 580 4586 hunc
604 4541 705 4605 neque
730 4520 872 4586 discissis
890 4521 1048 4603 cepissent
1072 4521 1226 4604 Pergama
1250 4520 1348 4585 muris
