3522 5298
789 306 831 370 93

287 518 400 583 Pollux
423 517 620 600 providentia
644 519 785 584 seruatur

287 624 357 701 Val.
382 625 484 690 Flauo.
509 623 586 708 Arg.
610 625 655 689 IV
678 627 851 690 268-271

595 801 602 813 .
628 800 635 812 .
661 800 667 814 .
693 750 854 831 spumanti
878 751 980 832 qualis
1004 751 1039 814 in
1063 752 1125 816 alto

358 857 469 922 Pliade
493 858 583 939 capta
605 856 694 939 ratis,
718 857 839 938 trepidi
859 876 953 940 quam
978 856 1043 922 sola
1064 858 1207 939 magistri

359 984 432 1028 cura
455 964 551 1046 tenet,
575 963 722 1045 rapidum
751 963 853 1027 ventis
878 964 1070 1028 certantibus
1096 984 1210 1048 aequor

358 1071 542 1136 intemerata
568 1071 700 1154 secat1);

289 1231 396 1315 quies
420 1233 491 1314 post
514 1231 698 1297 diuturnum
722 1233 843 1298 bollum
867 1233 1012 1298 omnibus
1037 1235 1179 1316 exoptata
1203 1236 1250 1298 est

288 1339 357 1404 Seu.
381 1339 509 1423 Thyest.
536 1342 711 1405 ars-594

358 1465 424 1528 iam
447 1466 530 1528 tacet
553 1464 670 1530 stridor
693 1464 767 1529 litui
791 1465 974 1548 strepentis:

359 1572 404 1636 sic
429 1571 483 1636 ubi
507 1591 542 1636 ex
566 1573 629 1636 alto
653 1573 795 1638 tumuere
818 1573 932 1637 fluetus

357 1679 519 1744 Bruttium
543 1699 612 1744 coro
636 1679 767 1744 feriente
790 1680 932 1762 pontum,

358 1787 462 1870 Scylla
486 1785 620 1869 pulsatis
648 1788 772 1851 resonat
795 1787 935 1851 cavernis

359 1914 394 1958 ac
417 1913 502 1959 mare
525 1893 558 1957 in
582 1897 674 1976 portu
697 1893 831 1959 timuere
854 1895 968 1958 nautae

359 2002 442 2083 quod
465 2020 559 2083 rapax
582 2001 731 2066 haustum
755 2001 888 2066 revomit
913 2002 1098 2084 Charybdis

358 2111 390 2173 et
412 2109 496 2174 ferus
522 2107 653 2192 Cyclops
677 2109 791 2172 metuit
813 2111 975 2190 parentem

358 2236 435 2297 rupe
458 2215 607 2280 ferventis
632 2215 771 2280 residens
796 2216 828 2280 iu
852 2215 981 2296 Aetnae,

357 2342 396 2388 ne
421 2323 595 2405 superfusis
619 2322 754 2386 violetur
776 2323 870 2387 undis

358 2431 442 2512 ignis
467 2430 601 2494 aeternis
625 2449 773 2494 resonans
798 2431 939 2513 caminis,

359 2540 390 2602 et
411 2541 502 2620 putat
524 2538 626 2619 mergi
650 2557 707 2602 sua
730 2557 821 2620 posse
844 2557 963 2621 pauper

358 2665 455 2728 regua
478 2646 604 2710 Laertes
627 2645 735 2709 Ithaca
759 2646 927 2710 tremente:

360 2752 387 2817 si
411 2772 485 2816 suae
508 2753 609 2817 ventis
634 2752 772 2817 cecidere
795 2753 887 2833 uires,
1023 2835 1025 2840 Ι

358 2859 467 2924 mitius
493 2861 603 2941 stagno
627 2859 758 2942 pelagus
781 2860 950 2940 recumbit3

359 2967 433 3048 alta,
459 2985 537 3050 quae
560 2967 648 3030 navis
673 2966 781 3031 timuit
805 2985 918 3048 secare,

358 3074 432 3137 hinc
456 3075 487 3138 et
509 3073 583 3137 hinc
606 3073 686 3137 fusis
711 3073 851 3156 speciosa
873 3075 951 3138 velis

359 3182 456 3245 strata
479 3181 603 3245 ludenti
625 3181 753 3263 patuere
777 3182 918 3264 cumbae,

359 3290 390 3354 et
412 3290 502 3352 vacat
525 3307 642 3352 mersos
667 3273 831 3353 numerare
856 3289 958 3371 pisces

358 3396 419 3474 hic,
444 3394 499 3460 ubi
522 3395 643 3476 ingenti
666 3396 758 3460 modo
783 3398 840 3460 sub
860 3396 998 3478 procella

360 3501 511 3586 Cyclades
536 3504 667 3584 pontum
691 3503 824 3567 timuere
847 3504 962 3584 motae3

289 3628 365 3692 laeti
389 3629 463 3692 sunt
485 3627 627 3708 Romani,
654 3628 735 3710 quod
759 3628 920 3692 Hannibal
944 3629 1056 3694 saltem
1080 3629 1174 3694 ltalia
1197 3631 1317 3695 excedit

287 3734 345 3799 sil.
369 3734 449 3799 Pun.
473 3734 562 3798 XVII
587 3737 758 3800 ror-211

521 3911 527 3924 .
555 3911 560 3924 .
588 3912 594 3925 .
621 3879 676 3925 ceu
699 3860 826 3925 flamina
850 3862 1029 3944 comprimit
1052 3861 1168 3927 Auster

359 3987 431 4030 cum
456 3967 521 4031 lora
545 3968 576 4031 et
600 3968 769 4032 abscedens
794 3969 899 4032 reddit
920 3989 1016 4051 mare,
1041 3971 1145 4034 nauita
1168 3988 1260 4052 parco

358 4074 478 4138 interea
501 4077 570 4138 voto
595 4094 656 4140 non
680 4094 771 4138 auras
797 4075 899 4158 poscit
922 4077 1049 4155 amicas,

359 4182 522 4245 contentus
547 4181 684 4246 caruisse
706 4181 787 4247 Noto
811 4201 981 4265 pacemque
1006 4183 1146 4266 quietam

359 4307 414 4370 pro
439 4289 525 4352 sacili
550 4309 643 4353 cursu
667 4291 793 4370 reputat
817 4291 910 4371 satis3

198 4433 411 4442 n*—

288 4536 310 4605 1)
329 4537 379 4608 Ap.
400 4537 463 4608 Arg.
483 4537 638 4593 1170-73
659 4538 765 4592 confert
784 4538 939 4610 Laugonus.
