3522 5298
632 646 853 718 Diomedes
876 648 1044 734 (Thrax).

316 772 456 838 Caedes
481 773 535 858 (cf.
561 773 748 856 Oenomaus
772 774 929 858 Antaeus)

314 879 390 945 Luc.
414 878 524 946 Phars.
542 881 573 945 Π
600 883 783 947 162—165.

723 1093 957 1164 Deucalion.

317 1216 397 1283 Cum
422 1219 600 1284 eluvione
623 1220 876 1287 Deucalionea
904 1221 1041 1303 impetus
1070 1240 1222 1306 aquarum
1250 1225 1451 1307 comparatur

315 1325 390 1390 Luc.
415 1326 571 1391 Pharsv
595 1329 769 1392 620-626

809 1487 816 1500 .
835 1487 842 1500 .
862 1482 869 1499 .
887 1435 932 1499 sic
947 1437 1048 1500 rector
1065 1434 1192 1520 Olympi

389 1539 519 1623 cuspide
535 1540 672 1606 fraterna
685 1542 838 1608 lassatum
862 1542 895 1606 in
920 1543 1045 1607 saecula
1068 1543 1189 1608 fulmen

389 1646 520 1729 adiuvit,
544 1667 702 1732 regnoque
726 1649 858 1714 accessit
879 1650 963 1714 terra
987 1650 1133 1732 secundo,

390 1772 462 1818 cum
483 1774 570 1820 mare
594 1756 751 1822 convolvit
775 1758 893 1840 gentes,
918 1776 990 1822 cum
1013 1755 1107 1822 litora
1122 1757 1240 1842 Tethys

388 1861 491 1926 noluit
513 1861 581 1926 nlla
603 1864 671 1945 pati
694 1865 780 1928 caelo
804 1865 949 1929 contenta
971 1865 1080 1929 teneri.

388 1968 477 2032 Tunc
501 1988 623 2054 quoque
646 1971 734 2034 tanta
755 1971 852 2036 maris
875 1971 974 2036 moles
998 1971 1147 2036 crevisset
1170 1972 1203 2036 in
1227 1975 1321 2054 astra,

389 2075 424 2139 ni
448 2095 596 2158 superum
620 2079 722 2143 rector
744 2078 912 2161 pressisset
935 2077 1073 2143 nubibus
1097 2077 1208 2142 undas.

725 2288 964 2378 Endymion.

319 2415 450 2480 Forma
473 2434 530 2497 par
553 2417 602 2480 est
623 2416 714 2481 Iason
738 2415 928 2499 Endymioni

320 2522 388 2587 Val.
414 2522 516 2588 Flacc.
540 2522 617 2605 Arg.
634 2523 711 2587 VIII
735 2525 866 2589 27-30

393 2630 496 2714 qualis
514 2630 615 2695 adhuc
632 2631 749 2713 sparsis
764 2630 914 2696 comitum
926 2649 982 2713 per
993 2629 1095 2695 lustra
1108 2631 1242 2696 catervis

391 2737 533 2802 Latmius
558 2738 677 2803 aestiva
699 2738 817 2803 residet
841 2739 969 2804 venator
991 2738 1025 2801 in
1049 2739 1171 2818 umbra,

393 2844 509 2928 dignus
533 2864 637 2936 amore
661 2845 752 2928 deae,
775 2845 887 2909 velatis
912 2844 1058 2909 cornibus
1083 2847 1114 2909 et
1136 2845 1200 2910 iam

391 2952 481 3017 Luna
503 2952 603 3033 venit3

322 3077 377 3161 (cf.
401 3075 497 3160 Attis,
521 3077 699 3158 Narcissus,
723 3077 839 3160 Hylas)

323 3183 401 3250 Stat.
428 3183 504 3250 silv.
521 3185 568 3249 ΠΙ
593 3187 624 3268 l,
648 3186 789 3250 40-43.

745 3397 956 3465 Eumaeus.

324 3525 437 3590 Fides
461 3523 535 3590 Ursi
564 3523 655 3608 pueri
683 3543 744 3588 non
769 3522 852 3588 cedit
876 3523 1011 3587 Eumaeo
1042 3522 1096 3606 (cf.
1110 3522 1286 3605 Patroclus,
1310 3522 1459 3604 Theseae,

235 3632 387 3717 Pylades)

326 3741 403 3806 Stat.
429 3739 554 3805 suun
578 3743 608 3821 6,
634 3741 764 3804 54-57

397 3847 513 3930 dignus
538 3849 569 3912 et
585 3846 794 3911 Haemonium
808 3844 951 3928 Pyladen
964 3845 1148 3926 praecedere
1164 3845 1249 3909 fama

398 3954 641 4039 Cecropiamque
656 3953 762 4035 fidem,
779 3952 837 4018 sed
852 3951 984 4016 laudum
1000 3951 1153 4016 terminus
1171 3953 1248 4034 esto,

398 4081 492 4145 quem
514 4062 641 4127 fortuna
665 4060 755 4125 sinit:
791 4080 852 4126 non
882 4060 986 4124 mente
1009 4058 1133 4124 fidelior
1156 4077 1249 4136 aegra

398 4169 536 4253 speravit
558 4169 642 4234 tardi
666 4168 786 4233 reditus
810 4167 966 4232 Eumaeus
990 4166 1103 4231 Ulixis.

738 4379 962 4468 Geryones.

327 4509 460 4592 Pugna
483 4508 596 4593 (trium
620 4508 812 4591 corporum):

327 4619 391 4682 tres
415 4617 526 4681 fratres
548 4615 645 4680 variis
669 4614 764 4679 armis
788 4613 932 4695 pugnant
