3522 5298
833 460 874 524 53

745 551 958 563 -·-———=-n—u—·-

325 667 400 732 Luc.
425 669 535 734 Phars.
553 670 597 735 VI
620 673 750 738 65-68
777 730 780 736 .
864 678 874 741 s

233 841 237 848 .
359 794 609 868 '...veluti„
618 795 740 862 mediae
764 797 819 880 qui
842 798 930 863 tutus
954 797 1121 868 inarvis'
1306 869 1309 878 ,

397 899 540 966 Sicaniae
562 902 709 968 rabidum
732 903 832 969 nescit
854 903 970 970 latrare
993 905 1151 990 Pelorum,
1215 913 1218 916 ’
1291 934 1325 939 ··

396 1009 452 1072 aut
473 1027 553 1090 vaga
581 1030 652 1074 oum
675 1010 792 1094 Tethys
816 1011 1041 1096 Rutupinaque
1064 1012 1163 1080 litora
1181 1013 1315 1098 fervent,

391 1112 481 1182 ,unda
502 1115 689 1183 Caledonios
712 1117 799 1186 fallit
821 1101 948 1186 turbata
970 1119 1149 1184 Britannos,
1196 1125 1198 1128 ’

784 1345 917 1418 Polus.

324 1469 523 1537 Firmitas:

325 1595 448 1660 animus
472 1589 593 1662 Iasonis
616 1599 738 1682 impetu
761 1601 923 1665 taurorum
940 1588 1008 1664 'non
1032 1590 1245 1698 percellitur*
1307 1620 1311 1630 “
1355 1695 1360 1701 ¹

323 1710 907 1809 mmmwffim
1322 1696 1341 1704 “

395 1896 403 1910 .
429 1895 436 1910 .
463 1897 470 1910 .
494 1848 531 1911 ut
554 1847 699 1916 extremis
724 1848 866 1914 desertus
890 1849 924 1914 in
948 1850 1075 1917 orbibus
1098 1851 1176 1933 laxis,

394 1971 487 2037 quem
511 1953 574 2020 iam
598 1955 683 2045 lassa
707 1955 773 2022 dies
798 1956 960 2040 austrique
976 1945 1123 2041 ,ardentis
1148 1958 1292 2030 harenae,

393 2060 448 2123 aut
471 2080 565 2144 quem
587 2061 742 2144 Rhipaeas
768 2064 923 2128 extantem
947 2083 1056 2146 sursus
1079 2065 1120 2131 ad
1144 2067 1233 2130 arces
1266 2075 1269 2078 ’

393 2167 446 2231 nix
468 2168 500 2232 et
522 2168 658 2260 caerulei
681 2169 798 2235 Boreae
814 2170 898 2235 ferus
923 2171 1058 2236 abstulit
1082 2172 1200 2237 horror.
1230 2229 1232 2234 .
1283 2229 1291 2240 ,,

733 2397 961 2504 Propontis.
1126 2460 1128 2467 ,
1234 2406 1248 2470 ἢ
1308 2395 1335 2415 ”

323 2522 492 2589 Saevitia
515 2525 570 2608 (of.
596 2526 759 2627 columnae
783 2527 940 2623 Herculis,
964 2517 1123 2612 Euripus).
1293 2513 1297 2522 ⁴

325 2647 895 2733 mmmmm.

741 2835 949 2953 Rutupiae.
979 2967 985 2980 „
1045 2904 1048 2910 ι
1075 2925 1079 2932 s
1104 2904 1157 2968 .
1193 2907 1201 2977 3
1231 2926 1234 2932 .

322 2986 539 3052 Periculum
563 2989 618 3073 (ci.
642 2990 790 3076 Pelorus)
890 3063 893 3070 ,
1025 3060 1027 3068 s

321 3093 396 3159 Luc,
421 3094 530 3160 Phara
548 3095 593 3161 Vl
616 3098 757 3164 65-68.

775 3329 920 3416 Syrtes.

323 3452 443 3519 Caede
466 3454 561 3519 multi
584 3454 725 3520 homines
749 3457 883 3538 pereunt

321 3575 392 3646 Val.
415 3578 519 3643 Plaoc.
542 3578 619 3662 Arg.
638 3578 682 3644 VI
704 3582 880 3646 410-412

392 3723 454 3768 non
470 3705 535 3769 tam
558 3705 650 3770 foeda
664 3704 768 3770 virum
784 3705 994 3771 Laurentibus
1011 3703 1138 3786 agmina
1154 3702 1245 3767 terris

393 3810 510 3876 eiecere
532 3811 609 3893 noti,
633 3812 750 3895 Libyco
773 3831 831 3877 nec
854 3811 928 3877 talis
953 3811 1057 3893 imago

392 3917 495 4002 litore,
527 3938 599 3984 oum
622 3920 739 3984 fractas
762 3919 928 3985 inuoluunt
950 3937 1084 4002 aequora
1108 3935 1246 4000 puppes3

320 4061 469 4126 vanitas
494 4061 562 4144 spei
584 4061 688 4128 Iasoni
711 4080 773 4126 non
789 4062 943 4128 minorem
959 4060 1097 4126 dolorem
1114 4059 1224 4124 attulit
1240 4078 1334 4142 quam
1346 4059 1460 4123 nautae

321 4182 389 4251 Val.
414 4186 517 4252 Plaec.
542 4186 618 4272 Arg.
636 4186 696 4253 VH
719 4187 850 4254 83-86
874 4217 875 4220 “

391 4331 452 4377 uon
477 4311 523 4376 ita
545 4312 725 4396 Tyrrhenus
750 4312 858 4395 stupet
879 4310 1049 4394 loniusque
1071 4309 1234 4392 magister,

392 4417 448 4502 qui
470 4418 534 4483 iam
558 4420 600 4502 te,
624 4418 781 4502 Tiberine,
805 4420 897 4483 tuens
922 4416 1103 4499 clarumque
1128 4435 1236 4481 serena

391 4543 462 4590 arce
484 4525 620 4609 Pharon,
644 4544 790 4608 praeceps
815 4525 923 4608 raptus
948 4542 1104 4606 nusquam
1128 4522 1219 4606 ostia,
1244 4539 1399 4604 nusquam

393 4631 566 4698 Ausoniam
588 4633 684 4716 ridet,
708 4633 741 4697 at
764 4651 871 4698 saevas
895 4631 1040 4697 accedere
1063 4630 1179 4713 Syrtes.
