3522 5298
834 393 896 458 103

753 484 965 494 ———

334 604 565 671 infirmitas:

275 765 279 770 ·
334 748 439 796 omnes
465 730 613 796 Graeciae
636 730 794 814 principes
818 729 856 796 ab
881 751 943 798 uuo
966 741 1040 815 rege
1064 732 1295 814 congregantur

334 855 411 920 stat.
436 854 548 920 Aonl
571 857 746 920 roa-466

565 1032 572 1045 .
598 1031 604 1044 .
631 1032 638 1045 .
664 980 709 1045 sic
734 1000 828 1046 curva
850 981 934 1046 feras
957 979 1073 1064 indago
1096 976 1230 1046 latentes

403 1088 529 1152 claudet
552 1088 584 1153 et
607 1087 740 1154 admotis
765 1086 920 1171 paulatim
943 1089 1074 1154 canibus
1099 1089 1190 1154 artat.

402 1194 479 1259 illae
502 1195 609 1279 ignem
633 1194 834 1278 sonitumque
857 1197 973 1277 pavent
996 1195 1172 1278 diffuseque
1195 1194 1347 1279 linquunt

402 1301 471 1365 avia
493 1301 722 1390 miranturque
735 1322 828 1366 snum
852 1302 1028 1368 decrescere
1051 1303 1201 1384 montem,

402 1409 498 1473 donec
521 1410 554 1473 in
579 1415 746 1492 angustam
770 1409 951 1476 ceciderunt
974 1409 1114 1493 undique
1137 1409 1263 1489 vallem,

401 1515 496 1599 inque
519 1515 619 1582 vicem
643 1519 791 1602 stupuere
815 1537 926 1601 greges
952 1517 1108 1601 socioque
1119 1517 1231 1582 timore

400 1626 637 1705 mansuescunt3
670 1624 767 1688 simul
790 1624 893 1689 hirtus
917 1644 992 1708 aper
1016 1624 1112 1689 simul
1136 1643 1210 1688 ursa
1234 1625 1392 1710 lupusque

401 1730 524 1814 cogitur
547 1731 578 1795 et
602 1733 708 1813 captos
733 1731 921 1813 contempsit
943 1751 1033 1796 cerva
1055 1731 1178 1810 leones;

329 1871 482 1954 ignavia
506 1873 560 1958 (ef.
585 1873 649 1957 leo)

331 1978 387 2044 Sil.
412 1979 540 2045 Pun.X
566 1983 709 2061 18-243

328 2122 507 2188 retentio:

328 2247 478 2314 Octavius
501 2248 660 2314 maiorem
674 2249 824 2331 praedam
849 2268 976 2332 sperans
1001 2266 1129 2312 ancoras
1154 2247 1234 2312 solvi
1259 2248 1344 2312 vetat

327 2373 401 2438 Luc.
427 2373 537 2440 Phars.
553 2373 597 2438 IV
619 2376 799 2444 437-444

506 2550 512 2564 .
540 2550 545 2563 .
573 2549 579 2562 .
605 2499 651 2563 sic
675 2499 751 2563 dum
775 2498 904 2581 pavidos
928 2497 1097 2563 formidine
1121 2517 1226 2564 cervos

398 2607 524 2671 claudat
547 2605 692 2671 odoratae
715 2605 885 2671 metuentis
911 2599 983 2670 aera
1007 2605 1121 2688 pinnae

397 2716 452 2778 aut
475 2714 552 2778 dnm
575 2713 736 2795 dispositis
761 2713 886 2778 attollat
908 2713 987 2778 retia
1011 2713 1104 2795 varis,

396 2822 525 2886 venator
546 2822 634 2886 tenet
656 2840 709 2885 ora
732 2820 810 2885 levis
836 2821 973 2886 clamosa
996 2819 1127 2886 Molossi

396 2929 563 3010 Spartanos
588 2928 759 3011 Cretesque
781 2927 863 3011 ligat
885 2946 942 2992 nec
966 2927 1105 2992 creditur
1127 2927 1188 2991 ulli

396 3036 477 3101 silva
500 3034 579 3115 cani,
603 3034 666 3100 nisi
690 3035 745 3119 qui
769 3053 876 3117 presso
899 3033 1035 3116 vestigia
1057 3035 1157 3100 rostro

395 3142 520 3226 colligit
542 3144 574 3208 et
596 3142 712 3225 praeda
735 3141 836 3208 nescit
858 3141 975 3206 latrare
998 3142 1121 3222 reperta

395 3251 558 3315 contentus
582 3249 717 3314 tremulo
740 3251 932 3314 monstrasse
956 3248 1075 3313 cubilia
1098 3249 1216 3332 loro1);

323 3393 562 3476 praestantia
586 3412 638 3457 sex
660 3394 774 3458 fratres
797 3392 1017 3476 aggredientes
1041 3391 1201 3456 Hannibal
1223 3389 1322 3455 vincit

324 3518 380 3583 Sil.
405 3517 531 3582 Pun.X
556 3519 730 3582 rae-127

393 3643 478 3708 hand
503 3662 591 3708 secus
616 3662 651 3707 ao
674 3642 790 3726 Libyca
812 3641 910 3707 fetam
933 3642 1049 3708 tellure
1072 3642 1213 3708 leaenam

394 3751 520 3815 venator
549 3749 664 3832 premit
687 3752 813 3815 obsesso
838 3769 909 3815 cum
933 3749 1062 3814 Maums
1086 3749 1120 3812 in
1144 3749 1244 3832 antro,

392 3857 547 3921 invadunt
569 3857 673 3921 rabidi
695 3857 760 3921 iam
784 3857 904 3922 dudum
928 3859 960 3922 et
981 3855 1089 3921 inania
1111 3853 1234 3921 tentent

392 3964 533 4050 nondum
557 3965 606 4029 sat
627 3963 717 4029 firmo
741 3964 839 4029 catuli
863 3963 1034 4030 certamina
1058 3964 1160 4028 dente,

764 4195 926 4265 Ventus.

320 4321 438 4386 Furor
461 4321 516 4406 (cf.
542 4320 655 4404 amnis,
679 4320 781 4405 ignis)

320 4427 390 4494 Seu.
415 4428 499 4494 Med.
518 4430 708 4521 ore-5903

232 4552 443 4564 hun——

230 4615 233 4620 '
318 4601 341 4674 1)
360 4603 462 4661 Confer
483 4604 546 4660 aen.
566 4603 678 4677 Thyest.
697 4603 852 4676 eae-5035
877 4606 939 4662 Seu.
958 4605 1061 4662 Phaed.
1081 4604 1184 4661 34-51
1211 4603 1318 4660 confert
1341 4601 1455 4660 Hosius.
