3522 5298
918 405 961 470 50

831 493 1044 508 -μ

367 645 369 649 ’
413 618 580 685 saevitia
603 619 658 703 (ol.
683 617 856 683 Columnae
880 617 1043 702 Herculis)

415 726 472 792 Sil.
497 727 578 792 Pnn.
602 726 630 790 V
654 727 839 792 aaa-399.

854 919 1027 991 Chalcis.

409 1047 617 1130 Exiguitas
642 1047 696 1134 (of.
721 1047 898 1131 Bruttium)

413 1154 492 1222 Stat.
515 1153 625 1220 Silul
648 1157 679 1237 3,
704 1155 850 1234 31-333

411 1263 547 1343 angusta
569 1262 619 1327 est
640 1261 692 1325 via
714 1259 843 1326 narium
866 1279 903 1325 ex
925 1261 1018 1342 portu
1041 1257 1207 1324 Brundisii
1229 1258 1421 1343 fugientium

411 1369 486 1434 Luc.
510 1368 621 1433 Phars.
639 1368 670 1433 Il
694 1371 759 1434 710

482 1475 578 1539 artior
601 1475 749 1559 Euboica,
774 1492 837 1558 qua
860 1473 1012 1539 Chalcida
1035 1474 1187 1557 verberat,
1211 1473 1306 1538 unda.

716 1669 942 1740 Columnae
968 1668 1161 1740 Herculis.

410 1795 578 1862 Saevitia
601 1796 765 1879 exercitus,
802 1796 853 1860 cui
884 1795 1055 1862 Marcellus
1087 1797 1221 1879 praeest,
1252 1795 1286 1860 in
1308 1795 1414 1860 hostes
1432 1794 1548 1858 irrum-

320 1903 424 1984 pentis
449 1923 520 1968 cum
538 1903 654 1985 lluripo
671 1903 869 1985 comparatur
892 1901 948 1986 (cf.
973 1903 1122 1987 Euripus,
1145 1901 1329 1986 Propontis)

408 2010 463 2075 sil.
487 2011 567 2074 Pun.
584 2009 658 2074 XIV
683 2012 855 2076 143-147

480 2116 613 2181 Euboici
635 2135 696 2182 non
720 2137 776 2201 per
799 2117 943 2200 scopulos
967 2116 1055 2181 illisa
1079 2116 1238 2200 Caphereo

480 2223 594 2307 Euripi
617 2223 719 2306 magis
743 2224 828 2288 unda
850 2224 939 2305 furit,
963 2227 1133 2308 pontumue
1157 2225 1321 2288 sonantem

481 2330 556 2395 eicit
579 2331 712 2412 angusto
736 2330 904 2396 uiolentius
929 2351 980 2397 ore
1003 2330 1185 2413 Propontis;

481 2456 538 2502 neo
561 2437 661 2502 fervet
682 2437 800 2502 maiore
823 2437 942 2502 fretum
964 2438 1149 2522 rapiturque
1172 2437 1313 2502 tumultu

481 2545 564 2627 quod
588 2545 662 2609 ferit
683 2544 856 2610 Herculeas
880 2547 1016 2611 extremo
1045 2545 1110 2611 sole
1134 2545 1310 2624 columnas3

405 2669 510 2734 furore
535 2669 716 2734 stimulatus
742 2669 918 2734 Flaminius
935 2672 1057 2754 pugnat
1080 2669 1136 2755 (ci.
1161 2669 1273 2756 Calpe)

405 2775 461 2840 Sil.
487 2776 611 2842 PunV
635 2778 812 2842 395-400

477 2901 532 2948 ceu
557 2884 646 2964 pater
670 2883 811 2948 Oceanus
837 2903 909 2949 cum
932 2904 1022 2949 saeva
1046 2884 1165 2967 Tethye
1189 2883 1306 2967 Calpen

475 2989 664 3055 Herculeam
687 2989 763 3054 ferit
785 2992 880 3074 atque
903 3010 994 3056 exesa
1016 2991 1050 3056 in
1073 2990 1194 3056 viscera
1214 2991 1329 3056 montis

476 3097 653 3162 contortum
676 3098 808 3181 pelagus
825 3098 1016 3164 latrantibus
1032 3097 1151 3181 ingerit
1173 3097 1284 3162 undis:

477 3203 553 3267 dant
576 3204 730 3285 gemitum
754 3203 876 3286 scopuli
891 3205 1070 3288 fractasque
1093 3203 1127 3269 in
1150 3204 1283 3288 rupibus
1308 3204 1409 3269 undas

480 3310 569 3374 audit
591 3311 753 3378 Tartessos
777 3311 852 3376 letis
877 3311 1063 3377 distermina
1086 3311 1190 3394 terris,

477 3416 567 3481 audit
590 3436 651 3482 non
675 3436 769 3500 parvo
795 3418 914 3483 diuisus
938 3419 1065 3501 gurgite
1087 3418 1182 3483 Lixus
1192 3419 1228 3502 1).

403 3755 567 3822 Molibus
600 3776 639 3822 ne
662 3757 805 3822 maximis
835 3757 963 3842 quidem
988 3756 1101 3823 Caesar
1130 3758 1232 3822 undas
1257 3759 1417 3824 obstruere
1439 3759 1544 3842 potest

313 3862 368 3946 (cf.
398 3861 537 3948 Gaurus)

402 3969 477 4035 Luc.
502 3970 613 4036 Phars.
629 3970 662 4034 Il
686 3974 860 4038 ces-668

473 4078 508 4140 ut
531 4077 627 4142 maris
652 4077 770 4160 Aegaei
793 4078 913 4143 medias
938 4078 965 4142 si
989 4079 1091 4144 celsus
1116 4078 1273 4143 inundes

473 4183 650 4266 depelletur
673 4185 765 4268 Eryx,
789 4184 897 4250 nullae
920 4187 1025 4250 tamen
1050 4204 1182 4268 aequore
1206 4205 1300 4269 mpes

472 4291 640 4375 emineant,
664 4292 714 4357 vel
739 4292 766 4356 si
790 4293 935 4358 convolso
958 4291 1075 4357 vertice
1100 4292 1223 4358 Gaurus

473 4398 599 4464 decidat
620 4399 654 4464 in
678 4400 813 4464 fundum
836 4399 962 4483 penitus
987 4400 1164 4481 stagnantis
1189 4399 1327 4480 Averni3

402 4593 424 4661 1)
443 4593 521 4648 Hom.
545 4593 636 4648 5394
657 4595 762 4649 confert
781 4595 925 4650 Wcaclius.
